2392 3848
321 191 489 233 11111111
514 190 713 233 movnrruuo
738 191 765 234 1.
789 182 830 235 lt.
1022 174 1062 233 45

171 337 268 399 Ceteri
281 355 368 416 reges
379 345 428 400 aut
443 337 522 400 bello
535 338 602 398 victi
615 339 645 398 in
661 340 814 399 amicitiam
830 358 844 399 a
860 339 942 400 vobis
955 340 1092 417 receptio

90 428 159 481 sunt
174 428 225 481 aut
243 423 273 483 iu
291 423 352 483 suis
370 422 466 483 dubiis
484 421 574 483 rebus
590 422 756 482 societatem
777 429 904 483 vostram
920 423 1064 503 adpetive-

90 511 176 574 runt,
199 503 306 567 familia
323 512 423 566 nostra
446 524 513 567 cum
534 504 642 584 populo
663 504 795 566 Romano
816 504 893 568 bello
916 506 1066 583 Carthagi·

53 602 55 606 ’
89 588 184 648 nieusi
207 587 391 670 [amicitiam]
413 591 548 658 instituit,
572 606 630 668 quo
650 595 784 667 tempore
804 591 897 667 magis
910 591 983 650 fides
1003 589 1066 650 eius

65 688 175 748 equam
191 671 309 734 foruna
319 673 448 751 petunda
462 677 534 734 erat.
563 670 695 740 Quorum
710 673 880 749 progeniem
891 690 952 742 ros,
968 679 1093 752 patreso

89 754 255 832 conscripti,
264 755 354 815 nolite
365 756 425 833 pati
435 773 492 825 me,
504 760 643 832 nepotem
652 754 828 824 Masinissae,
838 755 946 816 trustra
958 775 974 816 a
985 755 1067 816 vobis

88 835 226 897 auxilium
239 843 350 915 petere.

173 919 203 980 Si
219 921 255 981 ad
269 920 477 998 impetrandum
497 919 570 981 nihil
593 937 701 982 causae
726 919 868 982 haberem
881 929 999 1001 praeter
1013 921 1091 983 mit

87 1003 242 1064 serendam
253 1003 411 1074 fortunam,
427 1004 506 1083 quod
519 1002 608 1080 paulo
621 1010 687 1064 ante
701 1021 753 1064 rex
768 1020 878 1080 genere
889 1005 966 1065 fama
981 1011 1068 1083 atque

54 1087 179 1164 „copiis
193 1093 312 1164 potens,
344 1105 424 1149 nuno
448 1087 629 1150 deformatus
656 1088 819 1157 aerumnis,
847 1089 933 1167 inops
959 1086 1068 1148 alienas

88 1187 158 1247 opes
179 1177 310 1248 expecto,
325 1178 424 1232 tamen
447 1177 510 1231 erat
524 1172 681 1231 maiestatis
701 1170 803 1250 populi
822 1170 947 1232 Romani
968 1171 1067 1249 prohi-

87 1252 159 1313 bere
172 1253 307 1314 iniuriam
322 1271 418 1333 neque
434 1255 495 1334 pati
509 1254 680 1332 cuiusquam
691 1270 815 1330 reguum
826 1272 880 1333 per
894 1253 1068 1317 1111111111-

87 1352 180 1396 scere.
210 1336 319 1397 Verum
335 1354 389 1414 ego
411 1338 453 1398 eis
469 1336 576 1397 finibus
592 1339 702 1397 eiectus
718 1354 798 1406 sum,
821 1354 895 1415 quos
908 1337 1096 1406 maioribusg

88 1419 161 1480 meis
174 1418 303 1496 populus
317 1419 467 1480 Romanus
482 1419 571 1487 dedit,
588 1419 666 1479 unde
686 1425 770 1496 pater
787 1427 816 1481 et
829 1437 898 1480 avos
911 1437 995 1480 meus
1009 1438 1068 1480 uua

54 1501 238 1571 „vobiscum
255 1503 393 1581 expulere
408 1503 543 1565 Suiacem
566 1509 594 1562 et
609 1501 863 1579 Carthaginiensis.
894 1503 999 1563 Vostra
1016 1503 1068 1563 be·

88 1585 184 1646 nificia
198 1585 269 1648 mihi
285 1594 385 1667 erepta
400 1593 476 1657 sunt,
492 1592 591 1665 patres
605 1587 826 1666 conscripti,vos
840 1586 870 1646 iu
884 1591 953 1648 mec
963 1587 1067 1646 iniuria

88 1669 216 1746 despecti
228 1671 304 1731 estis.

172 1752 257 1813 Eheu
278 1771 326 1813 me
348 1754 503 1813 miserum!
541 1752 663 1823 liuciae,
684 1751 805 1832 Micipsa
819 1759 913 1831 pater,
935 1751 1095 1817 benificiatt

88 1843 140 1895 tua
155 1851 291 1904 euasere,
308 1842 341 1895 ut
355 1852 442 1912 quem
458 1843 492 1896 tu
508 1853 609 1914 parem
624 1852 692 1895 oum
706 1834 807 1896 liberis
822 1834 909 1916 [tuis]
927 1837 1068 1914 regnique

53 1948 81 1989 20
89 1919 263 1997 participem
277 1918 384 1987 iecisti,
407 1919 433 1978 is
452 1920 644 1995 potissumum
659 1918 757 1993 stirpis
770 1924 839 1978 tuae
854 1921 998 1979 extinctor
1015 1919 1068 1977 sut

88 2001 255 2079 Numquam
270 2016 343 2078 ergo
356 2001 463 2062 tamdia
477 2007 576 2061 nostra
588 2001 685 2078 quieta
700 2000 773 2060 11111
788 2017 943 2079 semperne
957 2002 987 2061 in
1002 2018 1068 2061 sau-

89 2086 177 2161 guine
193 2083 275 2145 terro
291 2084 361 2162 tuga
380 2083 564 2144 versabitur?
598 2083 674 2144 Dum
690 2082 942 2160 Carthaginienses
956 2083 1111 2149 incola-10

88 2185 151 2228 mes
167 2167 259 2238 tuere,
283 2170 347 2230 iure
363 2169 460 2228 omnia
475 2185 559 2229 saeva
579 2165 779 2246 patiebamur:
802 2167 903 2228 hostes
915 2167 952 2228 ab
968 2166 1068 2237 latere,

87 2269 140 2310 vos
164 2253 250 2311 amici
262 2250 380 2329 procul,
403 2268 471 2328 spes
488 2253 583 2311 omnis
597 2253 627 2311 in
643 2251 731 2311 armis
745 2258 816 2310 erat.
849 2250 1007 2329 Postquam
1022 2251 1070 2310 illa

54 2335 178 2410 „pestis
197 2352 233 2394 ex
246 2334 344 2394 Africa
363 2335 456 2393 eiecta
469 2334 528 2402 est,'
539 2332 608 2394 laeti
622 2350 726 2410 pacem
743 2332 939 2408 agitabamus,
963 2335 1070 2411 quippe

90 2417 155 2493 quis
169 2415 262 2474 hostis
275 2414 372 2475 nullus
387 2422 460 2482 erat,
474 2415 529 2474 nisi
542 2415 619 2475 torte
635 2432 723 2493 quem
737 2432 788 2474 vos
803 2416 967 2475 iussissetis.
992 2415 1069 2476 Ecce
1080 2426 1110 2478 11
1153 2452 1156 2457 ·

90 2504 187 2558 autem
210 2498 409 2576 exinproviso
427 2497 578 2573 Iugurtha,
602 2496 783 2558 intoleranda
805 2497 935 2568 audacia,
958 2497 1069 2560 scelere

89 2587 176 2658 atque
190 2579 329 2658 superbia
342 2596 408 2641 sese
426 2580 576 2649 11111111,
594 2580 686 2642 fratre
698 2598 764 2641 meo
779 2587 867 2659 atque
881 2581 984 2643 eodem
1000 2599 1069 2661 pro·

90 2665 200 2742 pinque
210 2681 264 2724 suo
278 2662 430 2724 interiecto
445 2665 573 2741 primum
587 2680 713 2740 regnum
727 2665 790 2725 eius
799 2663 918 2725 sceleris
929 2666 974 2725 sui
983 2683 1069 2743 prae·

56 2747 158 2807 eodem
173 2746 249 2816 iecit,
271 2753 339 2823 post
357 2746 409 2806 ubi
423 2765 471 2807 me
493 2748 602 2808 eisdem
622 2747 695 2807 dotis
714 2764 775 2806 non
790 2748 853 2826 quit
867 2764 982 2824 capere,
999 2748 1070 2809 nihil

89 2831 185 2889 minus
200 2848 288 2908 quam
301 2830 359 2889 vim
373 2837 423 2891 aut
437 2829 546 2891 bellum
567 2835 769 2908 expectantem
788 2831 818 2889 in
828 2832 953 2910 imperio
961 2839 1068 2901 vostro,

89 2915 164 2972 sicut
178 2913 293 2983 videtis,
318 2920 464 2976 extorrem
486 2915 580 2992 patria
601 2914 705 2983 domo,
725 2914 844 2991 inopem
866 2920 895 2974 et
917 2922 1070 2993 copertum

89 2997 213 3056 miseriis
232 2997 340 3067 effecit,
363 3006 397 3058 ut
410 2997 505 3058 ubiuis
518 2999 609 3058 tutius
624 3014 711 3075 quam
728 2999 758 3056 in
771 3015 838 3057 meo
859 3015 953 3074 regno
964 3016 1068 3059 essem.

89 3077 152 3153 Ego
175 3079 217 3138 sic
239 3081 465 3149 existumabam,
483 3087 580 3156 patres
603 3080 768 3155 conscripti,
788 3081 832 3140 uti
852 3081 1069 3158 praedicantem
1081 3089 1112 3139 12

59 3161 258 3221 asaudiveram
273 3168 386 3239 patrem
401 3181 515 3222 meum:
540 3163 589 3241 qui
604 3168 732 3221 vostram
748 3164 902 3224 amicitiam
917 3163 1070 3239 diligenter

91 3242 236 3314 colerent,
260 3263 309 3305 eos
324 3244 449 3306 multum
457 3245 588 3306 laborem
603 3246 899 3322 suscipere,ceterum
922 3266 956 3307 ex
974 3249 1066 3307 omni·

91 3324 147 3386 bus
163 3346 299 3389 maxume
318 3335 396 3388 tutos
411 3345 484 3389 esse.
517 3326 600 3397 Quod
617 3329 645 3387 in
661 3328 768 3388 familia
783 3336 882 3389 nostra
897 3328 959 3399 fuit,
984 3348 1067 3408 prae·
1080 3345 1112 3394 1³
