2392 3848
327 197 369 236 un
392 196 493 236 nnrmo
516 195 715 237 1vsvnrnruo
738 193 764 234 o.
787 187 828 238 85.
1032 176 1071 236 89

94 359 148 420 ego
171 342 321 404 militando
344 342 438 402 ditlici.
479 341 563 402 Nunc
577 361 628 401 vos
647 343 829 410 existumate,
851 341 925 400 lacta
943 359 979 400 an
996 342 1071 402 dicta
1084 350 1114 400 14

95 425 186 502 pluris
197 428 262 486 sint.
289 426 484 486 Contemnunt
498 427 653 486 novitatem
669 442 773 493 meam,
789 442 842 502 ego
857 422 974 485 illorum
991 426 1071 502 igna-

94 511 183 569 viam:
200 509 270 570 mihi
287 509 412 577 fortuna,
429 507 484 568 illis
498 507 609 588 probra
616 509 812 571 oblectantur.
824 506 1005 586 Quamquam
1017 524 1071 584 ego
1085 520 1116 571 15

94 598 228 653 naturam
242 610 331 653 unam
351 598 379 652 et
396 609 582 653 communem
603 594 732 652 omnium
746 592 901 658 existumo,
919 598 962 650 set
978 590 1074 650 fortis·

72 692 209 736 asomum
229 693 375 755 quemque
398 676 676 750 generosissumum.
716 675 757 733 Ac
776 675 800 732 si
820 675 876 732 iam
893 693 928 733 ex
942 673 1073 750 patribus
1085 690 1116 741 16

92 756 188 818 Albini
204 765 253 817 aut
268 757 382 818 Bestiae
398 759 499 836 quaeri
514 759 618 836 possit,
642 773 728 816 mene
744 774 781 815 an
796 755 860 814 illos
883 776 918 816 ex
940 774 971 816 sa
995 758 1074 834 gigni

93 840 256 909 maluerint,
273 840 342 918 quid
357 857 552 917 responsuros
567 840 691 908 creditis,
708 841 764 900 nisi
782 855 846 900 sese
862 838 970 899 liberos
988 857 1074 918 quam

37 1001 39 1004 y
93 931 228 1001 optumos
244 923 386 984 voluisse?
414 923 534 993 Quodsi
549 924 613 984 iure
628 941 674 982 me
690 922 861 999 despiciunt,
876 923 982 982 iaciant
996 923 1071 983 idem
1084 931 1115 985 17

94 1005 254 1067 maioribus
269 1008 338 1075 suis,
358 1005 471 1084 quibus,
488 1005 621 1074 utimini,
643 1025 679 1066 ex
696 1007 801 1067 virtuto
816 1004 952 1066 nobilitas
967 1008 1071 1084 coepit.

58 1107 81 1146 n
93 1089 225 1150 Invident
240 1089 345 1150 honori
360 1107 440 1151 ineo:
457 1106 528 1166 ergo
541 1089 688 1149 invideant
703 1088 797 1149 labori
813 1090 1004 1158 innocentiae,
1021 1105 1116 1167 pta-18

90 1172 193 1234 siculis
220 1174 307 1233 etiam
328 1174 415 1242 meis,
440 1174 577 1251 quoniam
591 1190 645 1250 per
660 1171 732 1233 haec
755 1171 835 1232 illum
853 1174 925 1250 cepi.
962 1171 1071 1233 Verum
1084 1191 1116 1242 19

90 1255 224 1317 homines
245 1257 379 1333 conrupti
401 1255 538 1332 superbia
552 1258 589 1315 ita
609 1263 732 1316 aetatem
748 1263 839 1333 agunt
861 1257 942 1335 quasi
958 1263 1072 1316 vostros

91 1338 220 1399 honores
242 1345 437 1406 contemnant,
457 1339 495 1398 ita
515 1337 569 1398 hos
584 1345 687 1415 petunt
704 1339 786 1417 quasi
799 1338 922 1398 honeste
938 1340 1072 1399 vixerint.

91 1422 134 1482 Nc
155 1419 196 1481 illi
214 1420 276 1482 lalsi
299 1429 379 1489 sunt,
404 1422 454 1500 qui
473 1421 693 1482 divorsissumas
713 1439 761 1481 res
783 1421 893 1498 pariter
908 1428 1070 1498 expectant,
1082 1429 1116 1480 20

59 1520 80 1561 u
91 1506 222 1581 ignaviae
239 1504 417 1582 voluptatem
441 1511 469 1565 et
484 1506 614 1582 praemia
629 1505 749 1564 virtutis.
784 1505 877 1582 litque
892 1505 987 1573 etiam,
1005 1522 1072 1565 curn
1083 1508 1114 1558 21

93 1589 170 1666 apud
192 1605 243 1648 ros
265 1596 315 1649 aut
338 1590 367 1648 in
387 1594 490 1649 senatu
513 1587 602 1648 rerba
625 1587 748 1656 iaciunt,
775 1585 916 1666 pleraque
943 1588 1074 1648 oratioue

90 1673 216 1732 maiores
233 1689 302 1732 suos
317 1671 473 1732 extollunt:
497 1689 599 1732 corum
613 1672 697 1732 sortia
712 1671 786 1731 iacta
802 1670 992 1731 memorando
1015 1669 1072 1730 cla-

91 1755 184 1813 riores
205 1771 270 1815 sese
291 1761 403 1832 putant.
445 1753 529 1824 Quod
557 1761 658 1815 contra
687 1761 739 1815 cst.
784 1753 858 1815 Nam
882 1761 989 1832 quanto
1016 1754 1115 1813 vitata

92 1835 209 1896 illorum
230 1837 418 1914 praeclarior,
435 1843 516 1896 tanto
537 1837 645 1897 horum
667 1837 800 1898 socordia
821 1835 999 1912 flagitiosior.
1037 1837 1072 1896 Et
1082 1843 1115 1895 2³

56 1919 223 1996 roprolecto
246 1922 284 1980 ita
305 1937 336 1981 sc
357 1937 406 1980 res
427 1919 531 1980 habet:
569 1921 714 1980 malorum
731 1919 822 1998 gloria
844 1920 970 1997 posteris
991 1921 1074 1998 quasi

90 2003 189 2063 lumen
209 2010 261 2072 est,
283 2020 379 2082 neque
400 2002 479 2063 bona
499 2021 595 2081 neque
610 2003 685 2064 mala
700 2020 803 2063 eorum
818 2003 847 2062 in
864 2001 979 2062 occulto
1000 2004 1073 2079 pati-

90 2093 147 2146 tur.
158 2085 289 2147 Huiusce
302 2087 345 2144 roi
358 2102 412 2164 ego
423 2088 552 2164 inopiam
564 2085 932 2168 lateanlluiriteszverum,
948 2086 978 2146 id
994 2085 1072 2163 quod
1083 2092 1116 2140 24

90 2168 181 2228 multo
195 2167 373 2246 praeclarius
387 2175 444 2237 est,
460 2175 586 2230 meamet
601 2169 675 2230 lacta
687 2169 758 2229 mihi
773 2167 872 2230 dicere
885 2167 961 2229 licet.
988 2168 1073 2229 Nunc

91 2250 183 2310 videte
207 2269 294 2329 quam
315 2252 406 2330 iniqui
421 2253 486 2312 sint.
528 2253 612 2324 Quod
628 2271 664 2314 ex
681 2252 773 2312 aliena
792 2254 898 2312 virtute
915 2252 971 2312 sibi
985 2252 1073 2312 adro·
1082 2261 1115 2309 25

56 2357 81 2394 aa
91 2340 174 2410 gant,
192 2332 221 2392 id
232 2333 303 2393 mihi
319 2352 353 2394 ex
369 2352 435 2394 mea
450 2351 509 2394 non
526 2335 703 2402 concedunt,
721 2334 832 2394 scilicet
847 2335 915 2411 quia·
932 2335 1073 2408 imagines

90 2433 150 2476 non
167 2415 272 2485 habeo,
297 2423 326 2476 et
340 2417 407 2495 quia
421 2417 492 2478 mihi
505 2434 579 2477 nova
594 2416 729 2477 nobilitas
745 2424 802 2485 est,
820 2433 908 2494 quam
923 2423 1003 2476 certe
1021 2434 1072 2494 pe·

91 2499 202 2577 perisse
220 2498 323 2560 melius
345 2505 388 2559 est
409 2517 496 2579 quam
513 2507 662 2578 acceptam
685 2501 864 2577 conrupisse.

173 2582 316 2661 liquidem
329 2598 383 2660 ego
394 2600 454 2642 non
466 2584 578 2660 ignoro,
591 2585 615 2644 si
628 2585 683 2644 iam
695 2583 766 2643 mihi
778 2582 958 2660 respondere
973 2583 1069 2653 velint,
1081 2588 1115 2639 26

91 2666 207 2728 abunde
227 2665 282 2727 illis
300 2666 466 2727 facundiam
488 2674 517 2727 et
532 2668 713 2744 conpositam
728 2666 889 2727 orationem
913 2665 986 2726 iore.
1023 2667 1073 2726 Set

56 2750 120 2814 sain
135 2756 233 2810 vostro
254 2767 392 2811 maxumo
408 2749 542 2810 benificio
571 2768 638 2810 cum
667 2750 804 2810 omnibus
831 2748 904 2810 locis
926 2767 975 2808 me
1006 2767 1072 2809 vos·

90 2852 147 2913 que
165 2832 240 2894 male
259 2833 341 2894 dictis
355 2833 494 2904 lacerent,
510 2851 569 2893 non
587 2832 695 2912 placuit
712 2833 845 2900 reticere,
868 2849 906 2891 ne
927 2833 992 2910 quis
1009 2849 1071 2891 mo·

91 2918 212 2976 dostiam
225 2917 255 2976 in
270 2918 476 2977 conscientiam
491 2918 620 2978 duceret.
650 2916 724 2977 Naar
738 2933 785 2976 mc
802 2916 919 2993 quidem
936 2934 971 2976 ex
982 2917 1113 2977 animia?

90 2997 147 3054 mei
160 2997 306 3055 sententia
315 2995 394 3056 nulla
406 3000 499 3058 oratio
510 2998 629 3058 laedere
635 3005 747 3076 potest:
761 3002 1072 3078 quippevcrancccssc

91 3085 135 3138 est
149 3078 225 3138 bene
242 3078 420 3156 praedicent,
444 3081 514 3139 laisa
530 3084 586 3141 vita
601 3099 758 3160 moresque
774 3082 831 3140 mei
845 3088 994 3158 superant.
1020 3080 1070 3141 Sei
1081 3096 1114 3146 28

59 3162 228 3240 uquoniam
255 3167 353 3220 vostra
380 3163 498 3222 consilia
528 3170 718 3231 accusantur,
746 3165 795 3242 qui
825 3165 895 3223 milri
922 3181 1069 3225 summum

90 3242 233 3305 honorem
260 3251 288 3305 et
307 3261 476 3305 maxumum
497 3247 645 3322 negotium
667 3247 848 3323 inposuistis,
877 3247 962 3306 etiam
983 3252 1070 3323 atque

91 3327 176 3387 etiarn
198 3334 341 3406 reputate,
361 3345 430 3388 num
447 3346 549 3388 eorum
564 3329 772 3405 paenitendum
786 3330 831 3388 sit.
868 3328 933 3388 Non
950 3345 1068 3407 possum
1079 3342 1112 3391 att

90 3410 156 3470 fidei
185 3427 270 3473 causa
301 3412 442 3488 imagines
461 3429 557 3490 nequo
575 3413 738 3490 triumphos
753 3419 803 3472 aut
822 3410 989 3472 consulatus
1008 3430 1067 3471 ma·
