2392 3848
290 203 333 243 nn
355 202 457 244 annno
479 201 678 245 mumanae
703 201 731 244 e.
753 193 797 246 53.
816 194 857 246 51.
1025 183 1059 240 71

90 351 161 411 baut
181 349 285 427 procul
304 351 379 410 inter
401 367 432 410 se
448 356 538 420 erant,
556 351 692 428 strepitu,
712 342 790 410 velu't
810 349 909 408 hostes
930 348 1065 409 adventa·

90 441 170 502 rent,
193 432 276 494 alteri
292 433 369 510 apud
388 432 495 494 alteros
509 433 692 493 formidinem
709 432 793 492 simul
812 439 841 492 et
854 431 1009 492 tumultum
1024 432 1065 491 ia·

93 536 174 586 cere,
205 523 234 576 et
254 535 347 595 paene
372 517 554 593 inprudentia
576 515 734 576 admissum
756 515 868 575 lacinus
891 513 1064 584 miserabile,

91 603 121 661 ni
143 601 289 678 utrimque
308 600 460 678 praemissi
481 599 592 676 equites
613 616 678 658 rem
698 597 933 676 exploravisscnt.
976 598 1092 676 lgiturss

69 699 146 761 apro
168 690 248 744 metu
269 688 391 761 repente
413 681 550 758 gaudium
574 690 720 750 mutatur,
751 681 856 741 milites
884 680 956 741 alius
979 680 1068 742 alium

90 765 158 827 laeti
170 765 325 841 adpellant,
341 770 403 823 acta
419 762 541 823 edocent
553 769 640 840 atquc
657 763 786 832 audiunt,
803 781 856 824 sua
871 765 992 842 quisque
1008 765 1067 824 lor·

91 851 131 907 tia
149 848 224 908 lacta
241 848 277 907 ad
293 845 404 907 caelum
418 845 484 905 lert.
514 846 627 924 Quippe
651 864 700 907 res
721 846 867 907 humanae
880 847 919 904 ita
936 864 1000 907 sese
1016 847 1067 907 ba·

91 931 176 991 bant:
204 932 235 992 in
262 930 381 990 victoria
402 927 447 988 vel
466 930 575 1007 ignavis
596 929 713 1007 gloriari
742 929 823 998 licet,
853 928 992 990 advorsae
1020 947 1068 991 res

93 1017 179 1074 etiam
200 1013 294 1073 bonos
315 1013 485 1073 detrectant.

57 1117 82 1159 ro
174 1096 306 1157 Metellus
324 1098 354 1156 in
368 1096 477 1156 eisdem
491 1096 592 1154 castris
609 1095 771 1174 quadriduo
787 1103 933 1165 moratus,
954 1097 1068 1157 saucios
1078 1097 1116 1156 54
1139 1132 1191 1153 -tt

92 1199 158 1241 cum
172 1199 243 1240 cura
263 1180 372 1248 reficit,
393 1179 513 1239 meritos
534 1180 565 1237 in
585 1178 703 1254 proeliis
724 1197 808 1239 more
828 1179 946 1241 militiae
968 1180 1064 1248 donat,

91 1265 243 1323 univorsos
264 1264 295 1321 in
313 1263 446 1321 contione
466 1259 565 1320 laudat
584 1269 671 1339 atque
689 1264 748 1338 agit
773 1265 897 1340 gratias:
920 1262 1064 1331 hortatur,

92 1346 129 1405 ad
143 1353 249 1413 cetera,
272 1363 346 1422 quae
364 1342 436 1403 levia
457 1343 528 1411 sint,
550 1360 652 1419 parem
666 1346 794 1405 animum
815 1352 931 1422 gerant:
953 1364 1008 1423 pro
1024 1347 1065 1404 vi-

93 1431 184 1488 ctoria
205 1429 273 1487 satis
309 1430 365 1487 iam
405 1432 575 1504 pugnatum,
596 1426 722 1487 relicuos
738 1428 856 1488 labores
874 1446 929 1504 pro
955 1429 1065 1505 praeda

57 1511 165 1575 assere.
196 1511 306 1571 'lamen
327 1511 443 1571 interim
464 1508 630 1584 transfugas
640 1517 670 1571 et
679 1508 753 1569 alios
764 1510 1090 1588 opportunusluguna

92 1594 141 1655 tha
162 1594 212 1655 ubi
233 1596 361 1671 gentium
380 1601 430 1653 aut
450 1593 519 1671 quid
540 1593 671 1669 agitaret,
693 1612 759 1653 cum
772 1594 911 1671 paucisne
933 1600 1008 1654 esset
1029 1611 1066 1653 an

93 1679 252 1738 exercitum
269 1677 405 1746 haberet,
428 1683 461 1736 ut
482 1694 546 1737 sese
563 1676 654 1736 victus
668 1684 793 1752 gereret,
816 1676 998 1754 exploratum
1012 1677 1065 1735 mi-

92 1762 137 1820 sit.
161 1761 198 1819 tt
215 1759 262 1819 ille
277 1760 381 1819 sesain
396 1759 459 1820 loca
479 1759 605 1819 saltuosa
624 1767 652 1819 et
666 1768 771 1821 natura
781 1762 891 1821 munita
906 1767 1095 1838 recuperata

92 1843 190 1921 ibique
207 1842 330 1918 cogebat
346 1843 504 1901 exereitum
518 1860 642 1902 numero
657 1843 809 1904 hominum
823 1843 1003 1922 ampliorem,
1025 1849 1070 1902 sot

59 1924 228 1987 robebetem
250 1925 469 2002 infirmumque,
497 1927 561 2001 agri
583 1942 617 1985 ac
638 1928 755 2002 pecoris
776 1927 869 2002 magis
891 1945 979 2003 quam
1000 1925 1068 1986 belli

93 2009 243 2070 cultorem.
295 2007 327 2067 ld
358 2025 393 2066 ea
412 2010 504 2083 gratia
533 2008 698 2078 eveniebat,
727 2011 805 2087 quod
834 2017 951 2086 praeter
974 2011 1096 2085 regiosa

92 2095 203 2171 equites
225 2109 312 2152 nemo
337 2091 466 2151 omnium
489 2090 613 2151 Numida
641 2111 678 2152 cx
698 2092 775 2169 ¹tuga
800 2109 902 2171 regem
923 2094 1068 2170 sequitur:

92 2192 150 2254 quo
168 2177 308 2254 cuiusque
324 2176 437 2235 animus
452 2173 516 2243 lert,
532 2193 567 2236 eo
585 2174 746 2244 discedunt,
767 2194 863 2256 neque
880 2175 910 2236 id
930 2175 1068 2252 flagitium

92 2257 209 2318 militiae
228 2258 357 2317 ducitur:
380 2259 418 2316 ita
437 2275 469 2317 se
490 2275 588 2318 mores
607 2257 724 2320 babent.

57 2364 81 2401 25
176 2341 268 2416 Igitur
282 2337 413 2399 Metellus
431 2339 483 2398 ubi
498 2341 573 2400 videt
590 2343 669 2416 rogis
687 2343 836 2401 etiamtum
848 2343 975 2400 animum
990 2337 1095 2403 lero-5

93 2442 158 2484 cem
173 2440 245 2491 esse,
262 2421 373 2482 bellum
393 2424 536 2489 renovari,
555 2423 702 2500 quodnisi
717 2442 753 2482 ex
770 2422 846 2482 illius
862 2421 990 2482 lubidine
1007 2420 1070 2497 geri

92 2525 151 2568 non
169 2513 276 2584 posset,
297 2511 450 2582 praeterea
470 2506 579 2565 inicum
601 2510 749 2565 certamen
770 2505 826 2564 sibi
848 2522 916 2565 cum
928 2503 1069 2571 hostibus,

92 2592 206 2651 minore
228 2589 401 2651 detrimento
423 2585 488 2650 illos
508 2589 585 2648 vinei
611 2605 700 2666 quam
721 2604 790 2648 suos
810 2589 943 2657 vincere,
974 2586 1072 2647 statuit

92 2691 152 2732 non
171 2673 289 2750 proeliis
310 2692 406 2754 neque
428 2670 487 2754 [in]
503 2673 579 2742 acie,
605 2677 650 2733 set
664 2670 719 2732 alio
734 2689 817 2733 more
838 2670 947 2732 bellum
962 2687 1070 2746 gemm·

57 2777 83 2819 ao
93 2757 172 2816 dum.
204 2756 305 2835 ltaque
320 2758 348 2815 in
364 2757 426 2817 loca
442 2755 595 2817 Numidiae
610 2753 838 2833 opulentissuma
855 2755 960 2832 pergit,
984 2768 1096 2829 agroso

93 2845 193 2907 vastat,
205 2839 295 2900 multa
312 2837 426 2899 castella
439 2845 468 2897 et
478 2839 592 2916 oppida,
604 2846 716 2899 temere
727 2839 836 2897 munita
851 2843 901 2897 aut
912 2838 973 2896 sine
984 2853 1070 2915 prae·

93 2922 175 2990 sidio,
192 2924 269 3000 capit
279 2920 478 2999 incenditque,
496 2919 625 2997 puberes
642 2921 791 2989 interficit,
807 2919 889 2981 iubet
906 2919 959 2980 alia
974 2922 1070 2980 omnia

92 3003 217 3064 militum
239 3005 377 3082 praedam
400 3021 471 3065 esse.
513 3004 555 3064 Ea
571 3005 727 3065 formidine
749 3003 833 3064 multi
853 3003 990 3063 mortales
1011 3002 1070 3061 Ro·

93 3088 187 3147 manis
209 3086 297 3146 dediti
317 3085 448 3154 obsides,
471 3085 650 3147 trumentum
672 3091 701 3146 et
720 3085 774 3145 alia
790 3103 866 3164 quae
887 3087 953 3145 usui
973 3085 1071 3144 forent

59 3192 83 3232 aa
94 3170 211 3231 adfatim
230 3167 376 3247 praebita,
398 3167 576 3246 ubicumque
590 3185 639 3229 res
651 3166 818 3246 postulabat
835 3167 1011 3249 praesidium
1026 3167 1070 3227 in-

93 3255 228 3331 positum.
270 3250 349 3321 Quae
366 3251 482 3327 negotia
504 3250 704 3328 multomagis
726 3269 815 3329 quam
836 3250 980 3331 proelium
994 3248 1095 3312 malea

93 3344 254 3414 pugnatum
265 3334 302 3396 ab
314 3335 374 3396 suis
387 3349 489 3412 regem
499 3333 663 3395 terrebant:
680 3337 787 3413 quippe
805 3336 887 3395 ouius
897 3350 964 3409 spes
976 3333 1095 3392 omniss

93 3420 122 3478 in
144 3419 212 3495 luga
234 3421 286 3479 sita
309 3426 385 3487 erat,
409 3417 492 3497 sequi
514 3417 681 3496 cogebatur,
706 3425 734 3478 et
754 3418 805 3495 qui
820 3433 871 3476 sua
888 3414 952 3475 loca
970 3414 1069 3476 dolen·
