2392 3848
266 204 310 244 ou
327 203 431 245 annuo
455 201 655 245 ivararanro
679 199 704 240 c.
718 189 761 243 46.
785 189 828 243 lt.
851 190 891 243 48.
1032 181 1071 241 67

92 351 247 429 praelectis
266 350 430 411 cohortium
445 348 661 425 dispertiverat,
684 356 717 408 ut
731 364 799 411 cum
815 347 855 406 eis
873 347 1010 423 permixti
1025 366 1071 407 ve·

92 435 166 503 lites,
184 451 368 513 quocumque
386 431 573 502 adcederent,
586 433 730 509 equitatus
750 431 879 492 hostium
919 430 1072 509 propulsa·

93 524 167 577 rent.
200 516 274 577 Nam
289 517 319 576 in
334 514 475 594 Iugurtha
493 521 589 574 tantus
612 514 696 576 dolus
716 521 854 594 tantaque
873 516 977 593 peritia
991 513 1097 573 loco-8
1113 552 1143 571 ..

94 618 161 660 rum
180 607 208 660 et
222 599 339 660 militiae
355 605 426 667 erat,
441 604 475 658 ut
489 596 596 658 absens
610 616 646 659 an
660 615 816 677 praesens,
839 616 943 676 pacem
959 615 996 658 an
1010 596 1071 657 bel·

71 683 155 744 olum
180 700 285 761 gerens
321 681 508 759 pernitiosior
531 690 608 741 esset
621 683 650 740 in
673 683 784 742 incerto
802 681 972 742 haberetur.

176 766 248 826 licat
260 765 332 825 haut
345 762 433 840 longe
452 763 489 822 ab
508 781 542 823 co
556 765 673 832 itinere,
697 783 755 843 quo
772 764 905 825 Metellus
920 764 1071 842 pergebat,
1082 760 1122 819 47

94 848 234 928 oppidum
249 846 456 916 Numidarum,
480 847 597 906 nomine
619 847 712 924 vaga,
744 848 842 907 lorum
861 865 963 908 rerum
985 865 1072 907 rona-

92 931 164 991 lium
175 932 263 990 totius
273 930 357 1008 regni
367 947 502 990 maxume
516 928 704 998 celebratum,
712 930 763 991 uhi
776 939 805 991 et
814 930 943 992 incolere
956 939 985 991 et
995 948 1073 990 mer-

94 1016 154 1075 cari
173 1019 384 1074 consueverant
397 1012 488 1074 Italici
504 1015 621 1089 generis
632 1013 715 1074 multi
729 1014 877 1074 mortales.
893 1014 957 1074 Huc
972 1011 1100 1074 consul2

60 1097 178 1158 rosimad
198 1097 358 1176 temptandi
378 1098 471 1174 gratia
492 1098 517 1155 si
537 1103 722 1176 paterentur,
744 1108 773 1160 et
793 1099 828 1158 oh
843 1099 1073 1178 opportunitates

93 1181 149 1241 loci
163 1181 342 1258 praesidium
356 1181 498 1258 inposuit:
523 1183 840 1261 praetereaimperarit
849 1181 1029 1242 trumentum
1045 1188 1073 1240 et

93 1264 148 1324 alia
170 1282 245 1341 quae
265 1261 344 1323 bello
359 1264 425 1323 usui
440 1262 537 1322 forent
552 1272 741 1340 conportare,
763 1271 859 1334 ratus,
882 1265 912 1325 id
929 1264 1008 1343 quod
1024 1281 1074 1323 res

94 1344 240 1414 monebat,
258 1345 451 1424 frequentiam
480 1348 696 1421 negotiatorum
724 1357 753 1406 et
774 1354 930 1406 conmeatu
961 1350 1074 1407 Iuratu-

95 1446 159 1488 ram
181 1429 342 1489 exercitum
362 1437 391 1488 et
410 1431 468 1489 iam
489 1430 598 1505 paratis
612 1428 701 1488 rebus
718 1432 900 1490 munimento
921 1430 994 1489 lore.

61 1528 85 1567 ro
179 1511 258 1572 Inter
284 1511 358 1572 haec
384 1513 501 1590 negotia
523 1511 664 1590 Iugurtha
684 1513 835 1591 inpensius
856 1512 942 1572 modo
960 1512 1100 1590 legatost

94 1595 234 1675 subplicio
254 1596 384 1664 mittere,
407 1613 511 1673 pacem
533 1613 635 1665 orare,
655 1602 774 1675 praeter
794 1613 878 1656 suam
898 1595 1073 1656 liberorum·

94 1681 259 1757 quesitam
280 1679 377 1738 omnia
390 1677 506 1739 Metello
529 1679 645 1740 dedere.
683 1681 762 1752 Quos
781 1682 867 1748 item,
889 1680 932 1739 uti
949 1680 1100 1757 prioresl

95 1761 198 1821 consul
213 1760 334 1821 inlectos
351 1762 387 1820 ad
401 1762 596 1839 proditionem
611 1762 730 1823 domum
747 1762 923 1831 dimittebat,
943 1764 1007 1838 regi
1023 1780 1073 1840 pa-

97 1861 162 1904 cem
184 1861 272 1922 quam
295 1842 461 1922 postulabat
483 1862 579 1922 neque
601 1843 731 1906 abnuere
753 1866 849 1924 neque
870 1846 1018 1924 polliceri,
1045 1851 1074 1905 et

60 1929 172 1987 reinter
193 1944 242 1987 eas
261 1945 359 1987 moras
379 1928 523 2004 promissa
542 1925 705 2003 legatorum
727 1936 891 2008 expectare.
933 1927 1074 2004 Iugurtha
1082 1926 1122 1990 48

95 2011 146 2071 ubi
165 2010 271 2071 Metelli
302 2011 377 2071 dicta
407 2028 474 2070 cum
495 2010 578 2071 factis
600 2013 753 2088 conposuit
773 2030 807 2071 ac
829 2028 860 2071 se
882 2013 942 2071 suis
962 2009 1074 2070 artibus

94 2095 231 2172 temptari
246 2095 375 2155 animum
393 2095 527 2163 advortit,
547 2094 654 2174 quippe
670 2095 716 2153 cui
733 2093 831 2155 verbis
848 2111 907 2171 pax
920 2092 1073 2154 nuntiaba-

94 2186 157 2245 tur,
181 2186 312 2238 oeterum
332 2176 495 2238 rebellum
518 2195 724 2256 asperrumum
747 2186 823 2247 erat,
847 2176 919 2238 urbs
938 2195 1073 2237 maxuma

96 2259 227 2327 alienata,
239 2276 309 2335 ager
323 2260 457 2320 hostibus
472 2262 613 2336 cognitae,
631 2262 718 2320 anImi
729 2261 915 2338 popularium
930 2261 1071 2336 temptati,

61 2350 214 2402 ascoactus
227 2360 328 2402 rerum
348 2343 561 2403 necessitudine
583 2344 682 2402 statuit
705 2345 793 2401 armis
815 2350 938 2404 certare.
982 2343 1100 2419 Igitur2

96 2424 245 2503 explorato
266 2424 392 2484 hostium
413 2425 516 2484 itInere
559 2427 588 2484 in
609 2441 692 2502 spem
712 2426 850 2485 n‘ctoriae
872 2425 1013 2485 adductus
1034 2443 1069 2485 ex

94 2505 485 2587 opportunitatelociquam
492 2512 748 2584 maxumaspotest
761 2510 859 2586 coplas
874 2509 1003 2568 omnium
1018 2525 1069 2584 ge·

95 2607 201 2650 nerum
229 2596 312 2666 parat
339 2607 374 2648 ac
400 2607 455 2667 per
478 2591 607 2649 tramites
629 2589 759 2650 occultos
782 2592 941 2652 exercitum
964 2590 1070 2653 Metelli

95 2674 248 2734 antevenit.

59 2775 85 2816 eo
179 2755 249 2814 Erat
263 2758 292 2816 in
310 2776 343 2816 ea
357 2765 441 2835 parte
452 2756 613 2825 Numidiae,
627 2775 713 2834 quam
728 2756 875 2816 Adherbal
890 2759 920 2816 in
934 2758 1098 2817 divisiones

95 2839 279 2917 possederat,
307 2839 416 2900 flumen
443 2841 540 2901 oriens
563 2839 732 2909 ameridie,
761 2843 879 2900 nomiae
901 2837 1030 2907 Muthul,
1055 2858 1072 2899 a

95 2941 153 3000 qam
176 2921 278 2983 aberat
292 2941 377 2983 mons
393 2923 486 2984 Ierme
502 2925 580 2985 milia
596 2921 763 3004 [passuum]
777 2923 877 2997 viginti
888 2928 983 2983 tractu
998 2925 1071 3000 pari,

94 3011 192 3064 vastus
213 3005 250 3064 ab
271 3012 376 3067 natura
392 3015 424 3068 et«
437 3008 566 3068 humano
582 3009 676 3069 cultu:
699 3012 743 3066 set
761 3024 797 3064 ex
820 3023 854 3066 co
871 3007 968 3066 medio
991 3007 1073 3082 quasi

96 3087 176 3147 collis
196 3087 359 3156 oriebatur,
382 3091 411 3148 in
428 3093 592 3151 inmensum
606 3090 790 3167 pertingam,
813 3090 931 3148 vestitus
947 3088 1072 3148 oleastro

61 3189 130 3231 acac
150 3172 283 3231 murtetis
297 3170 417 3248 aliisque
438 3173 596 3247 generibus
616 3171 771 3238 arborum,
795 3188 870 3250 quae
885 3171 968 3232 humi
990 3171 1071 3230 arido
1179 3184 1182 3190 ·

97 3260 183 3333 atque
202 3254 347 3314 harenoso
369 3255 536 3330 gignuntur.
578 3253 670 3313 Media
686 3259 783 3314 autem
802 3252 936 3330 planitIes
959 3254 1098 3315 desertae

97 3338 235 3413 paenuria
251 3355 343 3416 aquae
364 3344 481 3416 praeter
495 3337 607 3398 ssumhri
629 3337 793 3416 propinqua
813 3336 890 3395 loca:
914 3354 947 3396 ea
963 3339 1074 3396 consita

96 3419 221 3480 arbustis
235 3439 343 3499 pecore
360 3428 446 3499 atque
466 3420 624 3482 cultorIbus
639 3417 909 3497 frequentabantur.

884 3519 931 3572 *ὒὶ
