2392 3848
236 211 280 250 on
302 209 474 251 commune
499 208 739 251 enumeremus
761 206 787 250 o.
806 199 833 252 8.
855 201 880 253 9.
902 201 943 251 10.
1055 191 1074 245 5

99 359 187 418 stium
209 359 308 436 copias
329 355 455 435 populus
476 356 625 416 Romanus
643 372 732 433 parra
753 371 842 416 manu
857 353 979 423 fuderit,
1004 373 1076 439 quas

100 439 182 500 urbis
197 447 300 500 natura
318 442 444 500 munitas
466 439 624 516 pugnando
646 442 764 517 ceperit,
788 440 818 498 ni
840 457 873 500 ea
892 457 940 499 res
958 439 1074 515 longius

100 540 154 581 nos
175 523 211 583 ab
229 525 344 602 incepto
366 522 505 583 traheret.

184 607 234 668 Set
255 607 388 686 prolecto
409 605 525 666 fortuna
549 607 579 665 in
601 608 679 666 omni
706 625 740 668 re
764 607 943 667 dominatur:
973 624 1006 665 ea
1027 607 1105 668 rese

79 701 224 751 seunetas
238 710 273 751 ex
290 689 420 750 lubidine
437 691 529 765 magis
545 708 632 769 quarn
648 709 683 750 ex
698 709 767 751 voro
783 689 911 750 celebrat
926 690 1077 749 obseurat·
1186 694 1192 705 ‘

100 791 165 850 que.
182 773 401 834 Atheniensium
416 790 464 832 res
479 778 592 847 gestae,
608 775 684 832 sieut
698 789 753 848 ego
768 780 913 841 aestumo,
930 774 999 832 satis
1014 789 1102 836 arn-2

99 855 165 932 plae
188 855 417 932 magnificaeque
433 855 525 922 luere,
548 871 652 914 verum
669 853 815 934 aliquanto
834 857 963 915 minores
980 863 1077 915 tamen
1146 870 1150 877 ’

100 955 188 1016 quam
209 938 285 998 lama
307 937 450 998 feruutur.
494 936 545 997 Set
566 939 632 1014 quia
654 954 816 1015 provenere
838 938 878 997 ibi
899 940 1102 1015 scriptorum3

99 1039 205 1099 magna
227 1023 361 1099 ingenia,
389 1039 442 1098 per
464 1027 614 1082 terrarum
637 1020 740 1080 orbem
760 1020 981 1082 Atheniensium
1000 1022 1076 1082 laeta
1158 1062 1161 1066 ι

68 1122 154 1184 repro
176 1106 319 1166 maxumis
340 1103 536 1165 celebrantur.
580 1104 622 1164 lta
644 1116 746 1164 eorum
784 1105 834 1184 ‹p1i
849 1104 946 1165 lesere
984 1108 1100 1168 virtus4

100 1195 178 1249 tanta
193 1187 333 1256 habetur,
355 1195 495 1265 quantum
509 1205 574 1248 earn
589 1187 685 1248 verbis
700 1197 823 1265 potuere
839 1187 978 1249 extollere
992 1207 1078 1268 prae·

101 1272 179 1332 clara
195 1273 320 1348 ingenia.
352 1273 388 1331 ht
400 1271 510 1348 populo
527 1269 660 1330 Romano
675 1289 835 1350 numquam
857 1291 891 1332 ea
913 1275 995 1350 eopia
1012 1272 1104 1341 tutte

101 1357 169 1433 quia
183 1355 436 1432 prudentissumus
451 1356 573 1432 quisque
592 1372 727 1414 maxume
745 1357 913 1431 negotiosus
935 1363 1012 1424 erat,
1034 1357 1076 1414 in·

101 1440 221 1513 genium
235 1455 323 1498 nemo
337 1439 399 1498 sine
412 1455 544 1514 corpore·
555 1437 725 1506 exercebat,
744 1445 881 1515 optumus
897 1440 1019 1516 quisque
1036 1438 1077 1497 ta-

68 1539 92 1579 u
102 1539 169 1581 cere
186 1539 272 1599 ιιιιιιιιι
291 1521 397 1589 dicere,
414 1539 466 1580 sua
481 1520 517 1580 ab
534 1520 596 1580 aliis
606 1519 683 1580 bene
698 1519 773 1582 lacta
789 1520 903 1581 laudari
914 1522 1000 1600 quarn
1016 1522 1077 1598 ipse

102 1603 226 1665 aliorum
242 1621 364 1664 narrare
381 1603 515 1664 malebat.

185 1688 276 1763 Igitur
291 1687 369 1747 domi
389 1687 566 1767 militiaeque
586 1689 658 1749 boni
679 1705 777 1748 mores
799 1686 985 1760 colebantur,
1009 1686 1110 1746 eon-9
1130 1704 1164 1720 *2*

102 1770 201 1830 cordia
218 1787 363 1837 maxuma,
383 1772 512 1831 minuma
529 1774 646 1833 avaritia
662 1778 739 1832 erat:
756 1773 801 1831 ius
816 1770 985 1849 bonumque
1001 1771 1078 1848 apud

104 1871 154 1913 eos
170 1870 230 1912 non
246 1853 359 1929 legibus
376 1856 467 1930 magis
483 1874 571 1933 quarn
589 1864 693 1916 natura
707 1854 829 1915 valebat.
853 1855 951 1930 Iurgia
967 1855 1103 1914 discor-2

69 1937 167 1997 audias
181 1935 341 1997 simultates
357 1955 424 1998 eum
438 1937 570 1998 hostibus
584 1938 774 2006 exercebant,
793 1939 869 1998 eives
884 1955 952 1997 eum
969 1937 1079 1996 civibus

101 2020 138 2080 de
159 2021 265 2080 virtute
280 2021 444 2081 certabant:
464 2022 493 2080 in
511 2020 660 2101 subplieiis
677 2021 801 2081 deorum
823 2020 978 2097 magnifici,
1000 2020 1079 2078 dorni

101 2106 192 2181 parci,
211 2105 241 2163 in
262 2105 370 2164 amieos
384 2103 483 2165 fideles
499 2113 591 2166 erant.
615 2102 734 2165 Duabus
750 2103 795 2162 his
812 2103 932 2172 artibus,
955 2103 1102 2163 audaciae

101 2189 132 2245 in
147 2185 235 2254 bello,
253 2186 303 2246 ubi
316 2205 372 2264 pax
386 2196 522 2249 evenerat
533 2191 685 2268 aequitate,
698 2205 788 2267 seque
799 2205 920 2265 remque
931 2186 1079 2263 publicem

103 2269 255 2329 curabant.
275 2269 407 2340 Quarum
417 2288 517 2332 rerum
534 2289 588 2348 ego
603 2289 738 2332 maxuma
749 2271 923 2331 documenta
940 2270 1012 2330 haee
1027 2271 1104 2337 hat-4

68 2376 92 2416 os
103 2353 173 2422 beo,
193 2353 296 2452 quod
288 2369 319 2411 ιιι
329 2353 407 2413 bello
423 2355 723 2430 saepiusvindieatnm
734 2362 778 2414 est
791 2354 821 2412 in
834 2371 898 2421 eos,
916 2355 966 2431 qui
977 2360 1079 2412 eontra

101 2439 257 2514 imperium
285 2439 317 2496 in
337 2438 455 2498 hostem
475 2445 677 2516 pugnaverant
691 2437 799 2514 quique
818 2435 929 2495 tardius
951 2437 1079 2495 revocati

103 2515 215 2594 proelio
238 2533 338 2576 exoess
325 2523 437 2585 erant,
460 2535 547 2595 quam
569 2519 618 2597 qui
639 2520 722 2594 signa
744 2516 910 2597 relinquere
932 2525 981 2577 aut
1001 2517 1078 2596 pulsi

103 2599 168 2659 loeo
187 2599 292 2660 sedere
306 2602 370 2661 ausi
384 2609 481 2670 erant,
504 2601 535 2660 in
549 2620 621 2679 pace
635 2618 721 2669 tero,
738 2601 816 2679 quod
829 2600 970 2660 benificiis
984 2603 1101 2677 magiss

103 2701 191 2761 quam
208 2687 306 2744 metu·
297 2703 456 2766 imperium
465 2685 612 2761 agitabant
627 2692 656 2745 et
670 2685 814 2761 accepta
806 2685 911 2743 miuria
926 2685 1078 2759 ignoscere

69 2785 192 2844 aequam
212 2769 350 2846 persequi
370 2767 526 2828 malebant.

188 2850 238 2912 Set
251 2851 302 2912 ubi
321 2850 424 2912 labore
446 2861 533 2930 atque
549 2853 653 2912 iustitia
671 2870 719 2914 res
735 2851 852 2929 publica
869 2851 968 2918 erevit,
992 2866 1078 2927 reges
1092 2818 1129 2916 til

102 2937 201 3012 magni
216 2934 293 2995 bello
304 2934 413 3005 domiti,
430 2936 588 2995 nationesl
586 2954 654 2996 erae
668 2944 697 2997 et
709 2934 809 3014 populi
821 2936 952 3011 ingentes
967 2953 994 2994 ιι
986 2933 1077 2994 sub·

103 3021 175 3088 aeti,
198 3017 359 3094 Carthago,
385 3018 522 3079 aemula'
514 3023 619 3098 tmperi
633 3018 770 3087 Romani,
791 3017 828 3078 ab
848 3019 938 3094 stirpe
959 3018 1075 3079 iuteriit.

104 3111 208 3163 euncta
219 3103 309 3161 maria
324 3108 479 3179 terraeque
491 3102 641 3178 patebant:
657 3103 768 3162 saevire
780 3100 896 3161 fortuna
908 3118 942 3160 ae
953 3101 1078 3159 miseere

69 3206 93 3245 ss
105 3188 201 3245 omnia
216 3186 319 3262 eoepit.
355 3185 411 3255 Qui
428 3182 546 3245 labores
561 3184 703 3262 pericula,
728 3183 830 3245 dubias
852 3190 939 3262 atque
958 3199 1103 3259 asperas2

104 3285 151 3328 res
162 3266 246 3327 laeile
260 3267 464 3335 toleraverant,
477 3269 518 3328 eis
529 3270 620 3328 otium
631 3268 753 3338 divitiae,
765 3267 891 3345 optanda
902 3265 981 3334 alias
995 3267 1078 3325 oneri

104 3351 295 3427 miseriaeque
315 3351 408 3412 luere.
449 3352 540 3427 Igitur
561 3352 656 3429 primo
678 3353 832 3430 pecuniae,
850 3348 956 3409 deinde
971 3349 1101 3427 imperia

106 3432 210 3510 cupido
232 3440 340 3493 erevit:
364 3453 398 3494 ea
419 3436 502 3513 quasi
522 3435 659 3496 materies
675 3435 804 3494 omnium
818 3431 968 3492 malorum
982 3431 1085 3488 tuone.
