2392 3848
309 239 352 278 nn
368 235 476 279 nunno
499 233 700 277 rvavnrnruo
723 232 750 274 o.
769 226 812 277 so.
833 227 877 292 st.
1043 215 1083 274 69

104 403 160 467 pro
182 405 216 447 re
235 392 321 463 atque
340 383 415 454 loco,
433 383 517 443 sicuti
532 390 630 444 monte
645 380 844 449 descenderat,
861 381 998 459 paulatim
1013 398 1083 458 pro·

105 470 221 539 cedere,
244 468 367 529 Marium
385 474 452 545 post
468 468 611 546 principia
628 466 755 534 habere,
779 467 841 547 ipse
861 483 928 526 curn
951 465 1083 524 sinistrae

105 553 167 615 alae
186 553 330 633 equitibus
350 568 422 620 esse,
442 552 490 628 qui
511 551 542 610 in
563 552 678 628 agmine
693 551 840 629 principes
857 549 925 609 lacti
946 555 1038 609 erant.

188 638 224 697 tt
237 635 385 712 Iugurtha,
406 634 456 694 ubi
472 641 633 695 extremum
650 651 755 713 agmen
769 632 875 696 Metelli
890 633 1000 709 primos
1015 640 1109 691 suasa

83 725 356 798 epraetergressum
377 718 463 786 videt,
483 719 627 794 praesidio
651 716 731 795 qnasi
753 717 842 778 duum
861 715 971 776 milium
1000 715 1082 794 pedi-

104 813 165 863 tom
200 807 328 862 montem
346 806 478 877 occupat,
502 819 558 878 qua
576 799 707 860 Metellus
729 798 927 866 descenderat,
948 816 986 857 ne
1008 798 1083 858 lorte

106 884 274 947 cedentibus
296 883 469 944 advorsariis
489 884 622 961 receptui
647 901 681 943 ac
707 890 774 961 post
792 883 972 943 munimento
991 880 1082 941 soret:

106 969 171 1029 dein
191 975 312 1045 reponte
335 968 418 1044 signo
438 965 504 1027 dato
526 967 618 1026 hostis
632 967 748 1026 invadit.
782 965 924 1028 Numidae
942 964 988 1025 alii
1002 971 1108 1042 post-t

105 1069 203 1114 remos
221 1051 353 1121 caedere,
376 1063 445 1128 pars
460 1067 476 1109 a
492 1051 608 1110 sinistra
630 1068 664 1110 ac
686 1051 786 1111 dextra
802 1056 955 1128 temptare,
977 1048 1082 1108 lulensi

71 1147 95 1188 10
105 1137 206 1197 adesse
231 1131 318 1214 atque
339 1136 462 1202 instare,
495 1133 630 1194 omnibus
651 1132 724 1194 locis
743 1133 944 1195 llomanorum
967 1132 1083 1191 ordines

105 1218 298 1286 conturbare,
321 1234 447 1296 quorum
462 1218 548 1276 etiam
566 1219 616 1294 qni
629 1216 807 1278 llrmioribus
823 1217 926 1279 enlmis
942 1215 1017 1276 obvii
1030 1215 1084 1274 ho-.

105 1302 197 1362 stibus
214 1301 339 1369 fuerant,
354 1299 492 1359 ludificati
509 1301 622 1358 incerto
640 1299 751 1376 proelio
785 1303 839 1378 ipsi
861 1300 948 1359 modo
971 1300 1083 1360 eminus

105 1383 320 1452 sauciabantur,
336 1400 432 1461 neque
454 1389 555 1441 contra
569 1381 696 1442 feriundi
711 1390 761 1443 aut
775 1383 951 1442 conserundi
964 1399 1084 1442 manum

106 1469 188 1546 copia
206 1474 282 1528 erat:
297 1473 365 1526 anto
380 1467 437 1525 iarn
452 1465 529 1526 docti
544 1465 580 1525 ab
601 1465 744 1541 lngurtba
766 1468 889 1544 equites,
908 1463 959 1526 ubi
977 1464 1109 1526 Roma-o

71 1568 211 1612 ranorum
234 1557 329 1610 turma
351 1551 465 1629 insequi
492 1556 645 1626 coeperat,
674 1566 734 1609 non
757 1548 910 1610 confertim
936 1549 1083 1626 usquein

105 1653 195 1695 unum
211 1652 275 1695 sese
292 1633 480 1712 recipiebant,
497 1638 541 1693 set
556 1631 629 1693 alius
646 1631 702 1694 alio
718 1651 804 1713 quarn
816 1650 952 1693 maxume
966 1631 1082 1691 divorsi.

104 1718 146 1778 lta
158 1736 282 1778 numero
297 1718 426 1795 priores,
449 1718 474 1776 si
489 1715 525 1776 ab
543 1716 746 1794 persequendo
762 1717 853 1777 hostis
867 1715 1016 1776 deterrere
1031 1727 1111 1779 not

106 1801 268 1879 quiverant,
285 1799 420 1859 disiectos
434 1798 469 1859 ab
485 1805 568 1874 tergo
584 1807 634 1859 ant
647 1799 787 1860 lateribus
802 1797 1081 1860 circumveniebant:

107 1885 151 1942 sin
161 1883 354 1960 opportunior
365 1882 450 1958 Nugae
462 1880 544 1940 collis
551 1899 637 1961 quam
654 1885 748 1959 campi
763 1883 867 1952 luerat,
883 1901 916 1942 ea
932 1899 1000 1942 vero
1013 1899 1082 1940 con·

70 1983 96 2023 ro
106 1966 180 2025 sueti
201 1962 390 2026 Numidarum
409 1961 476 2042 equi
490 1963 574 2024 facile
589 1966 666 2025 inter
680 1965 803 2042 siugulta
820 1965 951 2034 eradere,
968 1970 1083 2022 nostros

105 2050 245 2126 asperitas
261 2054 289 2108 et
308 2046 459 2108 insolentia
478 2046 535 2108 looi
553 2048 707 2110 retinebat.
740 2048 877 2110 Ceterum
893 2047 981 2108 facies
996 2048 1131 2114 totius5t

103 2134 201 2207 negoti
217 2133 296 2191 varia
313 2132 433 2200 incerta,
448 2131 533 2192 loeda
549 2139 635 2212 atque
651 2132 838 2193 miserabilis:
853 2132 976 2211 dispersi
992 2149 1008 2191 a
1024 2132 1083 2191 suis

103 2231 172 2290 pars
194 2216 298 2275 cedere
318 2215 365 2274 alii
383 2216 505 2293 insequi,
525 2232 621 2296 neque
635 2218 718 2295 signa
731 2234 828 2296 neque
846 2215 964 2276 ordines
982 2213 1083 2274 obser-

104 2316 182 2367 vare,
205 2296 255 2358 ubi
274 2315 420 2380 quemque
439 2298 602 2376 periculum
617 2307 736 2378 ceperat
754 2300 794 2360 ibi
808 2300 946 2358 resistere
962 2314 996 2357 ac
1014 2314 1082 2373 pro·

69 2381 238 2459 repulsare:
260 2381 423 2449 armatela,
440 2383 508 2459 equi
523 2383 585 2450 viri,
608 2381 707 2441 hostes
728 2388 815 2459 atque
838 2382 914 2441 cives
935 2381 1082 2456 permixti,

105 2464 175 2524 nihil
194 2463 313 2522 oonsilio
330 2464 558 2543 nequolmperio
570 2465 632 2541 agi,
649 2463 710 2523 sors
725 2465 821 2524 omnia
838 2481 951 2542 regere.
968 2462 1109 2541 “ltaquee

69 2605 72 2610 .
105 2546 229 2608 mrdtum
251 2546 308 2607 diei
319 2554 519 2625 processerat,
543 2564 609 2606 cum
624 2547 773 2608 etiamtum
791 2555 910 2610 eventus
924 2547 954 2606 in
971 2547 1083 2606 incerto

106 2637 177 2690 erat.
212 2629 344 2708 Denique
364 2628 499 2690 euntibus
519 2628 621 2691 labore
642 2637 672 2691 et
687 2638 768 2692 aestu
790 2631 934 2710 languidis
951 2627 1109 2695 bletellusa

106 2713 157 2773 ubi
170 2713 250 2774 ridet
264 2711 403 2774 Numidas
416 2715 511 2774 minus
526 2715 649 2784 instare,
672 2713 810 2793 paulatim
826 2714 931 2775 milites
946 2713 976 2772 in
991 2729 1083 2772 unum

71 2813 97 2853 ao
108 2797 252 2865 conducit,
275 2797 392 2858 ordines
412 2799 536 2859 restituit
554 2803 584 2858 et
608 2798 735 2859 cohortis
753 2798 926 2876 legionarias
948 2801 1084 2876 quattuor

105 2880 261 2941 advorsum
284 2879 397 2958 pedites
422 2881 548 2941 hostium
571 2882 712 2942 conlocat.
753 2881 864 2944 Eorum
888 2898 992 2959 magna
1014 2897 1082 2958 pars

105 2963 306 3041 superioribus
326 2962 398 3024 locis
415 2963 490 3026 sessa
506 2967 686 3027 consederat.
719 2965 812 3027 Simul
827 2984 912 3027 orare
929 2972 957 3026 et
971 2965 1109 3029 bertarit

106 3045 261 3106 militesne
273 3047 432 3107 delicerent
446 3065 504 3108 neu
519 3055 689 3124 paterentur
699 3048 790 3108 hostis
802 3049 937 3126 fugientis
948 3050 1080 3107 vincere:

105 3147 202 3208 neque
217 3127 273 3189 illis
295 3135 388 3189 castra
411 3147 475 3190 esse
496 3148 592 3208 neque
606 3131 817 3190 munimentum
833 3130 934 3200 ullum,
958 3148 1015 3207 quo
1035 3148 1081 3189 co-

70 3228 95 3268 35
106 3213 208 3274 dentes
227 3212 395 3274 tenderent:
408 3213 438 3273 in
466 3214 554 3273 armis
582 3215 677 3273 omnia
702 3215 765 3274 sita.
812 3214 863 3275 Set
883 3232 922 3274 ne
943 3212 1109 3288 lugnrtlra5

106 3297 223 3374 quidem
245 3297 357 3358 interea
378 3294 493 3375 quietus
515 3303 596 3358 erat:
616 3297 771 3358 circumire
789 3293 917 3365 hortari,
940 3312 1083 3355 renovare

105 3381 250 3458 proelium
271 3389 300 3442 et
319 3382 382 3458 ipse
402 3398 469 3441 cum
491 3380 608 3441 delectis
628 3387 772 3460 temptare
794 3381 907 3441 omnia:
930 3376 1083 3440 subvenire

105 3466 176 3534 suis,
188 3464 321 3525 hostibus
336 3463 431 3524 drabiis
445 3465 563 3533 instare,
580 3481 652 3544 quos
667 3464 767 3524 firmos
782 3464 1095 3542 cognoueratem'mus
