2392 3848
208 546 306 626 Gal
334 536 590 626 snLLvsTI
621 544 793 625 CRISPI

445 744 557 792 LIBER

91 919 162 1006 DE
191 917 473 1006 CATILINAE
500 917 912 1007 CONIVRATIONE.

428 1134 578 1144 σι’-.-

96 1280 209 1367 Omnis
230 1292 378 1361 homines,
407 1297 456 1369 qui
482 1309 547 1352 sese
575 1292 692 1353 student
719 1301 868 1370 praestare
890 1297 1020 1361 ceterisl

39 1378 201 1448 rimalibus,
224 1393 337 1436 summa
354 1393 410 1454 ope
427 1376 479 1434 niti
492 1375 592 1446 decet,
615 1393 653 1435 nc
668 1378 753 1435 vitam
769 1377 882 1437 silentio
897 1385 991 1439 trans·

39 1471 79 1522 mt
101 1462 187 1524 veluti
208 1477 325 1538 pecora,
349 1477 423 1538 quae
445 1466 548 1544 natura
573 1476 667 1537 prona
687 1467 774 1536 atque
788 1463 880 1520 ventri
903 1461 991 1522 oboe-

43 1547 119 1606 entia
142 1546 232 1605 linxit.
278 1544 328 1604 Set
349 1550 448 1603 nostra
470 1543 564 1602 omnis
584 1543 627 1602 vis
648 1543 677 1604 in
700 1544 796 1604 animo
819 1551 848 1604 et
868 1560 1017 1622 corporea

39 1639 65 1689 ta
90 1637 148 1689 est:
175 1627 262 1688 animi
283 1625 412 1705 imperio,
442 1627 575 1703 eorporis
601 1627 717 1687 servitio
745 1629 838 1706 ritagis
866 1630 992 1692 utimur:

41 1723 137 1770 terum
156 1711 240 1771 nobis
263 1728 328 1770 cum
344 1711 415 1780 dele,
439 1709 562 1770 alterum
579 1729 644 1770 cum
659 1709 754 1770 beluis
769 1730 924 1774 commune
939 1725 992 1775 est.

40 1810 78 1853 un
93 1793 164 1853 milri
177 1795 285 1855 rectius
299 1793 412 1854 ridetur
421 1794 519 1870 ingeni
536 1811 623 1870 quam
638 1795 741 1853 virium
754 1795 859 1872 opibus
869 1796 1017 1872 gloriam3

39 1893 157 1938 raerere
183 1885 226 1950 et,
259 1878 396 1955 quoniam
422 1877 478 1935 rita
508 1877 570 1954 ipsa
593 1895 650 1954 qua
672 1875 798 1935 fruimur
819 1877 916 1937 brevis
938 1890 990 1944 est,

39 1962 184 2023 remuriam
211 1961 305 2019 nostri
333 1977 421 2039 quam
448 1976 584 2019 maxume
606 1959 725 2034 longam
746 1958 873 2039 efficere.
917 1961 1017 2024 Namt

39 2045 178 2104 ivitiarum
201 2051 229 2103 et
251 2043 362 2104 formae
384 2043 475 2120 gloria
498 2043 575 2103 lluxa
599 2048 685 2120 atque
700 2041 811 2119 fragilis
827 2050 884 2113 est,
900 2046 992 2107 virtus

41 2145 92 2187 ara
115 2134 293 2204 aeternaque
315 2127 449 2187 habetur.

97 2210 148 2270 Set
170 2210 219 2269 diu
246 2226 385 2287 magnum
414 2212 489 2270 inter
511 2209 642 2270 mortalis
663 2217 810 2270 certamen
833 2211 901 2281 luit,
927 2214 1019 2274 vinea

39 2295 147 2372 ›rporis
169 2311 205 2352 an
225 2294 331 2354 virtute
353 2295 440 2354 animi
471 2311 519 2354 res
541 2293 672 2352 militaris
695 2294 787 2367 magis
807 2293 991 2368 procederet.

39 2396 87 2438 am
116 2384 144 2436 et
168 2377 250 2451 prius
272 2395 359 2455 quam
381 2378 501 2453 incipias
523 2374 665 2441 consulto,
689 2383 717 2433 et
740 2373 788 2432 ubi
810 2375 1019 2437 consuluerisss

39 2469 130 2520 lature
152 2458 228 2518 lacto
250 2478 324 2538 opus
347 2467 398 2520 est.
436 2460 477 2519 lta
496 2466 654 2535 utrumque
672 2474 726 2535 per
745 2474 776 2516 se
798 2458 932 2536 indigens
952 2461 1018 2521 iil-7

39 2561 111 2604 pum
133 2541 252 2602 alterius
273 2544 379 2604 auxilio
403 2552 477 2621 eget.
507 2544 599 2620 Igitur
614 2542 694 2601 initio
715 2558 802 2618 reges
820 2577 855 2587 —
875 2561 944 2604 nam
964 2547 1024 2608 in2

41 2629 99 2686 rris
118 2644 226 2685 numen
241 2630 347 2703 imperi
363 2629 391 2686 in
411 2630 537 2704 primum
560 2626 614 2685 luit
638 2659 672 2669 -
697 2625 805 2684 divorsi
826 2644 895 2705 pars
913 2629 993 2704 inge·

39 2713 108 2784 lum,
125 2709 173 2768 alii
188 2725 296 2785 corpus
312 2709 503 2769 exercebant:
526 2711 675 2768 etiamtum
692 2709 748 2766 rita
764 2708 916 2770 hominum
932 2713 993 2772 sine

39 2793 170 2873 rpiditate
193 2791 372 2865 agitabatur,
395 2810 447 2852 sna
469 2793 574 2870 cuique
596 2793 664 2850 satis
686 2790 849 2868 placebant.
888 2795 1018 2856 Postea2

39 2895 84 2937 ero
111 2893 198 2954 quam
227 2878 256 2936 in
283 2877 348 2936 Asia
377 2876 483 2955 Cyme,
509 2877 539 2934 in
565 2875 687 2937 Graecia
708 2875 931 2945 Lacedaemonii
964 2886 993 2939 et

44 2960 211 3019 theuienses
231 2978 356 3038 coepere
372 2960 453 3020 urbis
472 2965 558 3036 atque
576 2959 709 3018 nationes
724 2959 872 3036 subigere,
886 2961 992 3022 lubidi-

39 3061 81 3102 em
109 3041 277 3102 dominandi
303 3061 421 3104 causam
451 3042 521 3102 belli
540 3041 659 3109 habere,
683 3059 848 3103 maxumam
870 3044 992 3120 gloriam

39 3146 44 3184 ι
60 3126 330 3206 maxumnimpcrio
340 3135 460 3204 putare,
479 3134 540 3185 tum
556 3125 674 3185 demum
689 3125 820 3201 periculo
836 3134 923 3205 atque
941 3144 993 3186 ne·

39 3211 100 3268 utiis
124 3218 296 3287 conpertum
317 3212 410 3270 estin
432 3207 509 3269 bellu
535 3208 705 3286 plurumum
724 3208 873 3285 ingenium
895 3225 991 3288 posse.

39 3292 101 3350 *uod
130 3294 153 3350 si
181 3309 286 3370 regum
314 3293 621 3371 atqueimperaturum
643 3291 730 3351 animi
751 3294 843 3352 virtus
864 3293 893 3352 in
919 3304 1020 3372 pacet

40 3390 55 3430 a
77 3380 110 3429 ut
130 3375 255 3436 inbelle
276 3377 399 3446 valeret,
420 3375 599 3453 aeprabilius
620 3381 706 3452 atque
729 3377 911 3454 constantius
930 3394 1001 3436 eeee

85 3467 219 3524 Sarausr.
852 3499 869 3528 ι
