2392 3848
129 211 168 273 76
341 230 384 271 oe
405 228 509 272 senno
532 227 709 271 rvovnrmo
734 227 762 270 c.
783 218 827 273 62.
849 218 892 272 63.

77 378 181 447 diret,
198 379 261 455 ipse
281 394 335 455 per
350 377 529 437 conditiones
548 375 585 435 ad
600 375 774 452 subplicium
789 376 963 435 traderetur.
993 375 1030 444 ls,
1053 376 1104 436 ubi
1140 374 1144 381 '

127 463 255 539 primurn
263 466 462 539 opportunum
473 459 539 535 luit,
545 457 716 533 Iugurtham
734 459 851 518 anxium
869 476 903 518 ac
917 460 1104 520 miserantem

128 546 261 606 fortunas
282 562 350 605 suas
370 542 499 603 adcedit:
524 547 624 600 monet
647 548 735 620 atque
754 539 922 601 lacrumans
943 540 1105 603 obtestatur

127 630 169 690 uti
191 627 345 705 aliquando
366 625 420 686 sibi
437 625 597 702 liberisque
618 630 648 684 et
663 625 742 702 genti
761 624 962 694 Numidarum,
985 634 1104 703 optume

126 715 259 781 merenti,
272 711 439 789 provideat:
455 707 591 769 omnibus
607 707 725 786 proeliis
739 724 804 768 sese
817 709 917 777 victos,
934 726 1037 787 agrum
1053 728 1126 769 vas

128 803 244 867 statum,
262 792 371 856 multos
392 791 523 854 mortalis
545 797 645 869 captos
660 791 787 860 occisos,
810 794 895 868 regni
909 809 980 872 opes
995 794 1104 853 connii-

126 886 211 939 nutas
223 897 303 940 esse:
317 879 385 939 satis
400 893 488 956 saepe
502 877 558 936 iam
574 881 604 935 et
617 875 752 935 virtutem
771 874 895 936 militum
912 881 941 936 et
957 874 1105 938 fortunam

127 967 309 1040 temptatam:
326 967 425 1022 caveat
440 977 479 1021 ne
492 958 541 1020 illo
557 964 711 1019 cunctante
721 958 864 1020 Numidae
875 958 930 1019 sibi
944 958 1105 1030 consulant,

101 1044 179 1104 2His
198 1051 285 1122 atque
301 1043 407 1105 talibus
421 1043 484 1104 aliis
500 1042 536 1102 ad
553 1041 730 1102 deditionem
746 1044 825 1119 regis
840 1043 969 1104 animum
984 1042 1105 1121 inpellit.

99 1127 280 1190 tillittuntur
303 1128 339 1188 ad
350 1131 556 1207 imperatorem
576 1124 679 1202 legati,
712 1127 761 1202 qui
782 1125 952 1204 Iugurtham
965 1129 1141 1204 imperaturo

126 1212 272 1272 iacturum
293 1211 424 1272 dicerent
444 1229 478 1270 ac
497 1211 560 1270 sine
587 1207 646 1270 ulla
674 1209 809 1286 pactione
835 1227 899 1270 sese
922 1225 1105 1288 regnumque

100 1309 212 1356 esuum
233 1297 263 1355 in
285 1293 361 1355 illius
375 1294 463 1356 tidem
476 1293 603 1354 tradere.
634 1291 766 1354 Metellus
781 1309 909 1370 propere
925 1301 1046 1353 cmrctos
1060 1311 1105 1354 se·

126 1380 232 1440 natorii
247 1377 357 1440 ordinis
372 1397 408 1440 ex
422 1376 553 1438 hibernis
571 1376 682 1437 accersi
696 1375 793 1437 iubete
812 1393 916 1437 eorum
927 1383 955 1437 et
972 1374 1105 1447 aliorum,

100 1477 201 1541 equos
215 1463 337 1524 idoneos
351 1462 484 1531 ducebat,
501 1459 653 1521 consilium
671 1459 769 1520 habet.
801 1458 843 1519 lta
859 1477 943 1520 more
961 1461 1107 1521 maiorum

129 1564 165 1606 ex
183 1547 285 1608 consili
313 1547 431 1607 decreto
460 1563 513 1623 per
534 1544 645 1620 legatos
670 1542 828 1620 Iugurthae
848 1545 976 1621 imperat
993 1545 1106 1621 argenti
1115 1562 1139 1603 15

127 1631 226 1708 pondo
247 1630 371 1692 ducenta
392 1629 484 1697 milia,
514 1626 685 1704 elephantos
706 1627 814 1696 omnis,
845 1644 988 1704 equorum
1010 1634 1039 1688 et
1060 1646 1106 1688 ar-

101 1723 245 1773 omorum
266 1713 454 1791 aliquantum.
472 1709 552 1780 Quae
574 1716 728 1789 postquam
750 1711 813 1771 siue
833 1728 917 1770 mora
936 1710 1011 1772 lacta
1030 1719 1106 1782 sunt,

101 1794 209 1856 aiuhot
230 1797 324 1856 omnis
336 1793 476 1873 perfugas
496 1795 608 1854 vinctos
628 1793 742 1855 adduci.
779 1794 889 1857 Eorum
906 1813 1012 1874 magna
1028 1813 1106 1873 pars,

127 1880 169 1939 uti
184 1879 296 1941 iussum
311 1884 382 1947 erat,
399 1878 523 1946 adducti,
545 1878 640 1956 pauci,
657 1896 725 1939 eum
737 1879 864 1956 primum
881 1878 987 1939 deditio
1003 1880 1106 1956 eoepit,

102 1964 166 2025 8ad
180 1980 282 2040 regem
299 1962 449 2024 bocchum
464 1962 708 2026 iullauretaniam
723 1960 863 2023 abierant.
898 1963 989 2041 Igitur
1004 1962 1106 2040 lugur-
1116 1982 1143 2023 ao

129 2047 188 2117 tha,
211 2047 260 2107 ubi
281 2048 371 2108 armis
388 2047 516 2125 virisque
537 2053 567 2106 et
584 2047 708 2123 pecunia
723 2045 862 2125 spoliatus
884 2052 940 2116 est,
965 2047 1108 2124 cumipse

129 2130 166 2190 ad
180 2129 388 2210 imperandum
400 2128 540 2189 Tisidium
561 2134 728 2197 vocaretur,
751 2146 854 2189 rursus
876 2132 972 2207 coepit
989 2130 1108 2191 flectere

101 2213 257 2273 eanimum
279 2229 366 2273 suum
387 2217 416 2271 et
435 2229 470 2272 ex
483 2210 566 2272 mala
582 2212 757 2272 eonscientIa
774 2211 861 2290 digna
875 2214 988 2275 timere.
1021 2213 1108 2274 beni·

129 2314 186 2374 que
201 2294 299 2356 multis
315 2294 419 2356 diebus
432 2312 486 2373 per
505 2294 715 2357 dubitationem
731 2299 919 2375 consumptis,
937 2316 1004 2359 cum
1020 2297 1107 2357 modo

129 2381 223 2441 taedio
244 2398 347 2442 rerum
367 2380 557 2441 advorsarum
577 2380 673 2440 omma
688 2378 765 2441 bello
782 2382 896 2459 potiora
915 2381 1044 2450 duceret,
1064 2383 1142 2441 iu-ae

129 2464 245 2525 terdum
259 2482 359 2526 secum
372 2465 435 2542 ipse
448 2470 599 2542 reputaret
611 2466 808 2544 quam-gravis
818 2482 903 2526 casus
915 2467 945 2525 in
960 2466 1108 2526 servitium

129 2565 166 2607 ex
179 2565 271 2624 regno
286 2546 371 2615 soret,
391 2545 490 2607 multis
504 2548 675 2624 magnisque
685 2547 838 2625 praesidiis
848 2550 1026 2626 nequiquam
1041 2566 1108 2624 por·

88 2634 121 2686 10
131 2629 197 2690 ditis
219 2629 254 2690 de
275 2630 389 2706 integro
411 2627 522 2688 bellum
536 2631 632 2689 sumit.
674 2628 710 2687 Et
724 2629 836 2690 Romae
850 2636 966 2689 senatus
984 2629 1021 2690 de
1039 2647 1108 2707 pro-

129 2713 229 2774 vinciis
249 2712 398 2772 consultus
412 2711 578 2773 Numidiam
594 2709 709 2772 Metello
727 2711 905 2774 decreverat..

77 2792 118 2854 63
211 2795 269 2856 Per
289 2797 367 2856 idem
387 2802 503 2872 tempus
522 2794 622 2856 Uticae
649 2795 725 2855 forte
745 2797 778 2858 G.
799 2795 890 2856 llario
917 2814 970 2873 per
999 2796 1144 2855 liostiaseo

130 2879 191 2939 dcis
213 2876 388 2954 subplicanti
410 2893 516 2953 magna
538 2883 625 2954 atque
651 2877 794 2937 rrdrabilia
808 2879 945 2955 portendi
959 2878 1107 2955 haruspex

130 2961 257 3021 dixerat:
281 2958 414 3036 proinde,
433 2975 509 3038 quae
528 2960 624 3020 animo
644 2957 777 3036 agitabat,
801 2961 894 3022 lrelus
917 2960 977 3020 deis
998 2969 1106 3039 ageret,

130 3044 277 3104 fortunam
299 3061 387 3122 quam
407 3044 585 3121 saepissume
608 3043 805 3121 experiretur,
836 3052 940 3105 cuneta
966 3063 1109 3123 prospere

107 3134 282 3190 serentura.
331 3127 368 3188 nt
395 3126 477 3188 illum
498 3129 556 3189 iam
585 3133 670 3188 antea
692 3128 859 3190 consulatus
878 3130 981 3208 ingens
1002 3129 1107 3207 cupido

131 3210 302 3290 exagitabat,
322 3211 461 3289 adquam
476 3212 651 3290 capiundum
666 3220 784 3289 praeter
798 3220 970 3275 vetustatem
985 3211 1107 3272 familiae
1117 3230 1142 3272 aa

130 3294 185 3356 alia
200 3295 296 3357 omnia
313 3294 430 3356 abunde
445 3302 538 3365 erant,
554 3295 695 3356 industria
709 3295 848 3372 probitas,
864 3295 983 3356 militiae
1003 3312 1107 3373 magna

129 3381 249 3440 seientia
269 3381 384 3442 animus
405 3377 474 3438 belli
495 3379 612 3456 ingens:
641 3378 720 3438 domi
747 3380 892 3448 modicus,
922 3377 1059 3439 lubidinis
1080 3385 1109 3439 et

120 3462 292 3522 <datiarum
315 3464 415 3531 victor,
442 3468 555 3522 tantum
576 3462 663 3522 modo
685 3460 795 3538 gloriae
814 3463 923 3522 aridus.
