2392 3848
273 159 315 197 ne
335 158 438 198 nunno
461 157 660 200 1vounnu1uo
681 157 706 198 c.
729 147 772 200 92.
793 150 836 204 93.
1003 142 1043 202 95
1123 138 1125 142 ’

68 327 83 364 a
107 314 210 365 natura
233 302 310 365 velut
329 322 419 381 opere
441 312 528 383 atque
541 304 674 365 consulto
694 321 843 384 praeceps.
888 305 981 375 Quem
1001 306 1072 372 loo

69 406 135 448 cum
151 387 269 456 Marius,
294 386 426 467 quodibi
443 389 521 465 regis
537 388 686 448 thensauri
702 395 793 455 erant,
816 405 929 448 mmma
947 390 975 449 vi
997 407 1044 449 ca-

69 488 139 549 pere
153 471 284 530 intendit.
318 470 369 531 Set
385 489 418 531 ea
434 488 483 531 res
501 471 576 532 forte
597 488 685 549 quam
700 471 818 531 oonsilio
835 471 938 532 melius
953 481 1070 549 gestat

71 554 143 614 Nam
160 552 276 614 castello
295 555 425 614 virorum
440 561 526 632 atque
542 572 691 615 armorum
706 556 790 623 satis,
807 572 912 633 magna
928 557 969 614 vis
985 557 1044 617 lru-

48 639 159 697 smenti
175 643 203 697 et
217 635 282 696 lons
298 655 398 715 aquae,
417 637 575 713 aggeribus
589 637 777 717 turribusque
799 636 843 718 [et
860 637 922 698 aliis
936 639 1045 700 machi·

69 718 247 799 nationibus]
269 719 352 780 locus
366 721 555 797 inportunus,
576 721 631 780 iter
651 720 874 781 castellanorum
890 730 1044 797 angustum

69 803 240 871 admodum,
260 803 405 881 utrimque
421 804 595 878 praecisum.
626 803 733 864 Vineae
755 805 822 864 'crim
839 805 947 879 ingenti
968 807 1070 882 peri-s

70 885 135 946 culo
158 885 266 945 frustra
280 883 457 961 agebantur:
477 904 544 946 nam
568 904 634 946 curn
655 905 706 946 eae
726 886 813 964 paulo
830 896 1042 964 processerant,

69 970 129 1046 igni
144 975 194 1029 aut
207 966 351 1047 lapidibus
367 968 649 1047 conrumpebantur:
665 969 768 1030 milites
780 987 875 1048 neque
890 987 944 1047 pro
956 988 1044 1048 opere

36 1075 60 1115 ro
70 1053 228 1112 consistere
244 1058 365 1128 propter
380 1051 560 1130 iniquitatem
574 1052 640 1122 loci,
662 1071 758 1131 neque
773 1053 849 1112 inter
864 1054 961 1112 vineas
982 1056 1045 1113 sine

68 1133 198 1212 perlculo
211 1135 429 1195 administrare:
446 1138 583 1212 optumus
597 1138 719 1215 quisque
731 1136 837 1197 cadere
849 1142 898 1196 aut
908 1137 1043 1204 sauciari,

70 1220 173 1279 ceteris
189 1224 285 1278 metus
299 1219 409 1295 augeri.
452 1219 488 1278 dt
501 1217 609 1279 otarius
622 1219 719 1280 multis
735 1219 837 1280 diebus
852 1226 881 1279 et
895 1218 1044 1280 laboribus
1055 1223 1093 1284 93

70 1301 247 1378 consumptis
262 1302 366 1360 anxius
380 1300 497 1361 trahere
514 1320 580 1362 cum
595 1305 691 1362 animo
707 1319 777 1372 suo,
803 1303 986 1364 omitteretne
1001 1305 1044 1362 in·

70 1393 200 1461 ceptum,
219 1384 356 1462 quoniam
369 1385 477 1444 trustra
492 1391 567 1453 erat,
585 1402 621 1443 an
636 1385 783 1445 fortunam
798 1387 972 1462 operiretur,
988 1405 1042 1463 qua

36 1493 61 1531 rs
70 1485 156 1546 saepe
176 1483 319 1544 prospere
337 1484 408 1527 usus
429 1466 533 1528 luerat.
577 1469 656 1538 Quae
678 1486 744 1528 cum
763 1468 870 1528 multos
891 1469 952 1528 dies
973 1486 1068 1531 noc-2

69 1552 163 1631 tisque
184 1557 321 1611 aestuans
340 1552 475 1626 agitaret,
504 1551 580 1611 lorte
602 1552 718 1630 quidam
737 1551 839 1629 Ligus,
861 1569 896 1612 ex
919 1551 1043 1611 cohorti·

69 1633 124 1694 bus
145 1632 302 1695 auxiliariis
324 1632 408 1693 miles
429 1636 593 1711 gregarius,
620 1637 720 1695 castris
747 1642 884 1713 aquatum
910 1651 1044 1711 egressus

69 1715 140 1777 baut
157 1715 260 1794 procul
277 1716 313 1776 ab
334 1715 426 1776 latere
448 1716 569 1786 castelli,
594 1719 671 1797 quod
687 1736 821 1779 avorsum
837 1716 1045 1796 proeliantibus

72 1806 148 1866 erat,
166 1800 294 1860 animum
309 1799 433 1858 advortit
454 1800 529 1859 inter
544 1818 611 1860 saxa
625 1803 753 1879 repentis
768 1800 897 1862 cocleas:
921 1819 1044 1880 quarum

37 1901 137 1946 :ocum
156 1899 245 1943 unam
264 1888 351 1962 atque
372 1881 506 1950 alteram,
529 1883 595 1942 dein
616 1884 716 1961 plures
737 1891 864 1962 peteret,
887 1884 981 1945 studio
1003 1885 1044 1945 le·

71 1966 161 2041 gundi
176 1964 313 2043 paulatim
325 1982 418 2044 prope
433 1966 469 2024 ad
485 1983 631 2026 summum
646 1969 752 2027 montis
768 1983 902 2043 egressus
918 1974 970 2027 est.
990 1966 1070 2032 Ubi3

71 2055 224 2128 postquam
238 2048 422 2111 solitudinem
438 2047 586 2118 intellexit,
598 2068 682 2111 more
692 2052 790 2127 ingeni
802 2049 923 2110 humani
938 2050 1043 2126 cupido

71 2131 195 2192 diflicilia
210 2132 336 2194 laciundi
352 2134 479 2194 animum
494 2134 589 2192 vortit.
620 2133 655 2193 Et
667 2133 741 2194 torte
755 2136 785 2194 in
797 2151 832 2195 eo
847 2132 912 2194 loco
927 2133 1069 2210 grandist

69 2214 127 2274 ilex
143 2214 291 2275 coaluerat
304 2217 381 2276 inter
390 2212 593 2292 saxa,paulum
605 2213 693 2274 modo
705 2233 807 2294 prona,
821 2214 927 2276 deinde
939 2215 1044 2277 inllera

35 2323 59 2361 25
70 2304 156 2374 atque
175 2304 258 2356 aucta
275 2299 305 2357 in
320 2298 513 2365 altitudinem,
539 2316 597 2374 quo
619 2306 722 2358 cuncta
741 2301 920 2374 gignentium
940 2307 1044 2360 natura

69 2380 142 2440 lert:
161 2381 243 2439 cuius
259 2381 347 2439 ramis
362 2381 458 2450 modo,
473 2380 561 2439 modo
573 2379 765 2441 eminentibus
776 2383 852 2441 saxis
866 2382 946 2441 nisus
956 2381 1044 2457 Ligus

72 2465 101 2522 in
117 2460 231 2522 castelli
247 2461 398 2539 planitlem
410 2466 559 2540 pervenit,
585 2463 662 2540 quod
678 2464 773 2524 cuncti
786 2463 926 2524 Numidae
942 2465 1043 2525 intenti

69 2542 280 2621 proeliantibus
295 2544 425 2604 aderant.
458 2545 621 2621 Exploratis
640 2545 789 2615 omnibus,
803 2565 878 2626 quae
892 2566 961 2608 mox
976 2552 1068 2612 usuis

69 2629 132 2688 lore
147 2626 281 2697 ducebat,
299 2627 400 2688 eadem
415 2628 590 2704 regreditur,
605 2647 664 2689 non
681 2626 792 2690 temere
806 2631 847 2690 uti
865 2630 1041 2697 escenderat,

34 2737 60 2776 ³0
71 2718 115 2770 set
127 2717 273 2789 temptans
290 2713 387 2771 omnia
407 2718 436 2772 et
455 2713 698 2790 cucumspiciens.
725 2712 825 2792 ltaque
839 2711 961 2772 Marium
975 2730 1069 2791 pro-6

68 2811 139 2871 pere
153 2793 220 2863 adit,
232 2800 300 2854 'acta
311 2793 422 2864 edocet,
434 2795 578 2864 hortatur,
591 2795 627 2855 ab
643 2814 677 2856 ea
692 2803 783 2874 parte,
795 2814 851 2875 qua
866 2797 927 2873 ipse
943 2813 1042 2856 escen·

69 2877 160 2946 derat,
178 2875 327 2937 castellum
340 2882 479 2954 temptet:
494 2878 647 2956 pollicetur
662 2897 726 2939 sese
738 2881 850 2940 itineris
863 2876 1042 2957 periculique

68 2960 182 3021 ducem.
233 2959 341 3022 Marius
362 2979 429 3021 cum
452 2961 558 3040 Ligure
586 2964 728 3040 promissa
755 2964 817 3024 eius
840 2964 986 3040 cognitum
1008 2977 1068 3023 ext

68 3042 272 3120 praesentibus
297 3044 389 3102 misit:
418 3063 543 3121 quorum
567 3047 610 3105 uti
639 3047 779 3124 cuiusque
799 3047 947 3122 ingenium
971 3053 1041 3112 erat,
1156 3040 1163 3048 '

34 3126 106 3188 atita
127 3143 193 3186 rem
214 3124 360 3186 difficilem
380 3132 430 3186 aut
445 3126 559 3188 lacilem
574 3129 760 3188 nuntiavere:
783 3127 909 3188 consulis
931 3129 1043 3187 animus

67 3218 165 3270 umen
191 3204 311 3289 paulum
336 3208 481 3270 adrectus.
531 3210 632 3288 ltaque
658 3229 694 3271 ex
721 3213 802 3289 copia
827 3211 988 3272 tubicinum
1015 3217 1125 3271 ets-2·
1164 3252 1170 3265 .

70 3295 251 3356 cornicinum
267 3309 390 3353 numero
409 3293 537 3370 quinque
554 3310 641 3370 quam
656 3291 861 3355 velocissumos
880 3294 993 3370 delegit,
1015 3298 1043 3353 et

69 3392 136 3435 curn
160 3375 210 3447 eis,
232 3373 377 3455 praesidio
402 3376 452 3455 qui
474 3376 585 3446 lorent,
624 3379 788 3422 essee
808 3385 862 3423 Η
907 3382 1042 3455 quattuor
