2392 3848
258 196 301 235 nu
320 193 644 238 nnnuo1vovnnn1uo
667 195 695 237 c.
715 187 758 241 98.
781 187 823 241 99.
846 189 906 240 100.
1033 177 1073 237 99

93 349 286 419 opportunus,
294 342 360 417 quia
373 358 479 418 magua
492 351 575 421 parte
591 342 685 404 editus
699 350 727 404 et
742 361 884 420 praeceps
900 361 992 420 pauca
1008 361 1072 404 mtt-

94 428 223 486 nimenta
251 425 419 506 quaerebat
474 426 609 488 Ceterum
638 428 714 504 apud
742 443 847 505 aquam
873 426 981 485 Sullam
1005 436 1096 484 cume

96 508 240 587 equitibus
256 515 373 569 noctem
387 509 497 586 agitare
510 510 604 570 iubet:
623 511 685 587 ipse
699 509 837 586 paulatim
856 510 1003 586 dispersos
1018 509 1071 567 mi·

94 593 159 653 lites
178 610 273 670 neque
294 593 390 652 minus
404 592 536 653 hostibus
551 592 731 653 conturbatis
750 594 781 653 iu
802 609 894 654 unum
918 590 1071 660 contrahit,

74 675 162 736 sdein
176 683 296 736 cunctos
312 674 398 752 pleno
414 677 507 753 gradu
517 677 547 735 in
564 675 667 737 collem
682 676 827 737 subducit.
847 676 890 736 lta
905 693 1000 752 reges,
1016 674 1099 738 lucia

96 757 263 820 difficultate
283 759 388 826 eoacti,
411 757 523 834 proelio
543 760 745 828 deterrentur,
768 777 865 837 neque
885 766 983 819 tamen
1005 774 1073 819 suos

94 841 210 917 longius
225 839 305 901 abire
320 842 433 910 sinunt,
456 848 500 901 set
511 848 638 920 utroque
653 841 726 902 colle
746 840 930 902 multitudiue
949 842 1073 900 circum·

96 926 163 986 dato
186 924 269 985 effusi
291 924 459 985 consedere.
476 925 547 985 lleiu
571 925 684 986 crebris
705 924 821 1002 ignibus
838 924 922 984 laetis
943 923 1101 1000 plerum-6

97 1027 153 1087 que
181 1009 274 1068 nectis
299 1007 420 1067 barbari
445 1026 526 1069 more
557 1026 610 1070 suo
638 1009 740 1069 laetari
769 1007 913 1076 exultare,
942 1014 1076 1084 strepere

60 1090 223 1159 aovocibus,
248 1097 276 1151 et
289 1092 344 1169 ipsi
364 1091 453 1152 duces
469 1091 599 1161 seroces,
618 1094 685 1170 quia
700 1109 759 1152 uon
774 1091 924 1169 fugerant,
946 1108 1000 1167 pro
1018 1091 1073 1150 vic-

95 1174 208 1235 toribus
230 1191 326 1252 agere.
364 1175 414 1234 Set
433 1191 466 1235 ea
483 1184 587 1236 cuncta
606 1174 745 1236 Romanis
763 1193 799 1235 ex
820 1173 948 1234 tenebris
971 1182 1000 1233 et
1015 1174 1100 1236 edi-7

94 1257 218 1318 tioribus
229 1257 301 1317 locis
317 1257 410 1317 facilia
426 1260 488 1318 visu
504 1275 668 1336 magnoque
686 1259 871 1318 hortamento
889 1264 982 1318 erant.
1006 1257 1073 1317 Plu·
1085 1254 1124 1316 99

95 1358 213 1401 rumum
235 1358 304 1401 vero
325 1339 433 1400 Marius
454 1342 589 1418 inperitia
609 1341 736 1401 hostium
759 1340 963 1409 confirmatus
988 1359 1074 1419 quam

96 1442 265 1485 maxumum
279 1423 424 1484 silentium
437 1423 541 1484 haberi
554 1423 648 1492 iubet,
664 1441 702 1484 ne
715 1425 798 1500 signa
815 1424 946 1500 quidem,
964 1426 1004 1483 uti
1021 1441 1075 1500 per

63 1507 207 1584 osvigilias
228 1505 368 1577 solebant,
385 1524 506 1569 canere:
529 1508 647 1578 deindo,
672 1506 724 1568 ubi
741 1507 791 1567 lux
813 1505 1000 1575 adventabat,
1026 1505 1074 1566 de-

99 1592 180 1652 fessis
195 1593 252 1650 iam
269 1590 447 1652 hostibusne
459 1589 546 1669 paulo
563 1599 630 1652 ante
648 1609 751 1652 somno
767 1592 857 1669 captis
874 1590 910 1650 de
928 1591 1074 1666 inproviso

98 1673 209 1750 vigiles,
222 1676 291 1735 item
306 1676 470 1735 cohortium
485 1680 649 1736 turmarum
668 1675 817 1752 legionum
831 1673 974 1734 tubicines
989 1671 1073 1732 simul

100 1774 200 1816 ornnes
214 1759 295 1834 signa
318 1775 437 1826 canere,
459 1758 565 1820 milites
582 1759 740 1819 clamorem
761 1758 864 1818 tollere
879 1766 967 1834 atque
982 1757 1075 1833 portis

99 1857 254 1917 erumpere
269 1838 388 1921 [iubet].
423 1840 517 1902 Mauri
531 1850 619 1921 atque
633 1842 759 1910 Gaetuli,
782 1844 881 1917 ignoto
898 1848 926 1900 et
941 1839 1100 1899 torribilis
1150 1849 1153 1853 ·

64 1924 193 1983 osonitu
214 1930 336 2000 reponte
361 1925 460 1993 exciti,
492 1943 588 2003 neque
607 1925 711 2000 fugere
732 1942 829 2002 neque
857 1940 938 1983 arma
959 1941 1073 2000 capere,

98 2025 193 2085 neque
207 2007 326 2066 omuino
339 2007 437 2069 facere
451 2016 501 2068 aut
520 2009 675 2086 providere
690 2009 845 2086 quicquam
864 2011 1015 2082 poteraut:
1036 2008 1100 2064 itas

98 2096 217 2150 cunctos
234 2091 355 2167 strepitu
372 2090 513 2160 clamore,
535 2091 615 2151 nullo
637 2091 825 2152 subveniente
842 2090 950 2148 nostris
966 2090 1075 2148 instau-

10 2198 12 2227 ;
97 2173 186 2242 tibus,
200 2171 332 2244 ‚tumultu
350 2174 505 2236 formidine
512 2178 596 2253 quasi
610 2176 764 2238 vaecordia
777 2179 904 2250 ceperat.
945 2171 1075 2249 [lenique

100 2272 201 2315 omnes
214 2255 270 2316 lusi
282 2255 445 2334 fugatique:
458 2277 539 2318 arma
550 2265 579 2319 et
589 2261 670 2335 signa
681 2258 815 2318 militaria
826 2255 966 2335 pleraque
981 2261 1073 2332 capta,

64 2355 89 2394 aa
99 2337 257 2416 pluresque
265 2357 300 2400 ee
314 2339 425 2415 proelio
439 2358 526 2418 quam
538 2342 674 2400 omnibus
684 2339 884 2417 superioribus
897 2339 1072 2413 interempti.

10 2426 15 2433 “
97 2421 171 2482 Nam
188 2438 290 2480 somno
307 2430 336 2482 et
352 2429 431 2482 matu
453 2422 567 2482 insolito
588 2423 716 2500 inpedita
733 2421 811 2498 luga,

181 2504 253 2564 llein
264 2503 371 2565 Marius
385 2508 427 2565 uti
441 2514 586 2583 coeperat,
600 2509 630 2565 in
641 2505 764 2565 hiberna
775 2502 839 2538 *²⁸*
847 2501 887 2539 **
895 2501 934 2537 **
942 2501 958 2537 *
969 2521 1057 2582 prop·
1070 2501 1127 2563 100

19 2634 25 2661 ·.
91 2596 142 2650 ter
171 2594 355 2649 conmeatum
382 2590 412 2647 in
440 2589 553 2667 oppidis
579 2590 741 2650 maritumis
774 2605 862 2666 agere
896 2587 1074 2648 decreverat.

98 2672 198 2749 Neque
214 2679 310 2732 tamen
326 2673 446 2731 victoria
463 2689 564 2732 socors
578 2680 628 2734 aut
641 2671 768 2733 insolens
782 2673 890 2740 lactus,
908 2677 952 2730 set
966 2673 1076 2748 pariter

63 2761 185 2833 ooatque
198 2755 228 2814 in
241 2761 398 2831 conspeetu
412 2755 537 2815 hostium
549 2756 690 2834 quadrato
701 2757 816 2831 agmine
831 2754 980 2814 incedere:
997 2753 1103 2814 Sulla2

99 2855 166 2896 cum
182 2839 310 2914 equitatu
332 2837 409 2915 apud
425 2837 585 2908 dextumos‚
607 2841 636 2899 iu
657 2840 772 2899 sinistra
793 2845 876 2916 parte
898 2839 931 2897 Α.
954 2836 1076 2897 Manlius

99 2939 165 2980 cum
184 2919 379 2981 funditoribus
394 2927 423 2981 et
438 2923 600 2997 sagittariis,
615 2930 767 3000 praeterea
785 2922 914 2982 cohortis
934 2922 1075 2998 Ligurum

100 3003 235 3062 curabat:
258 3005 368 3079 primos
391 3011 419 3064 et
436 3012 582 3067 extremos
604 3025 672 3067 cum
684 3006 825 3083 expeditis
847 3004 1002 3083 manipulis
1024 3006 1076 3063 tri·

12 3118 15 3123 ·
98 3085 194 3146 bunos
205 3084 364 3144 locaverat:
379 3087 533 3164 perfugae,
549 3090 678 3148 minume
694 3089 755 3147 cari
770 3095 798 3147 et
811 3090 967 3164 regionum
982 3090 1101 3147 scien-3

68 3170 225 3238 ostissumi,
241 3167 368 3227 hostium
382 3169 438 3228 iter
454 3168 652 3246 explorabant.
681 3169 773 3230 Simul
785 3169 886 3231 consul
900 3172 981 3248 quasi
995 3169 1075 3230 nullo

99 3253 223 3329 inposito
245 3252 340 3312 omnia
362 3250 532 3328 providere,
555 3253 632 3330 apud
654 3253 747 3312 omnis
767 3254 883 3322 adesse,
903 3251 1024 3315 laudare
1047 3261 1076 3313 et

100 3335 252 3413 inerepare
273 3336 421 3394 merentis.
454 3335 520 3412 lpse
542 3344 670 3397 armatus
683 3338 868 3415 intentusque
886 3337 956 3396 item
971 3336 1101 3400 mititesr

101 3416 237 3494 cogebat:
259 3435 354 3496 neque
368 3435 453 3478 secus
468 3428 554 3497 atque
569 3420 623 3479 iter
642 3419 753 3490 iacere,
776 3427 869 3480 eastra
884 3421 1007 3490 munire,
1024 3439 1073 3481 ex·

1100 3519 1105 3529 ,
1147 3516 1154 3525 ⁴

880 3523 928 3575 Ἰ,
951 3536 954 3546 ι
1079 3548 1082 3555 ἱ
1108 3531 1122 3553 3*
1143 3528 1165 3547 *a

920 3565 926 3579 Ἄ
958 3561 965 3575 3
998 3562 1028 3578 f-
1046 3552 1068 3562 ιι
1130 3560 1137 3567 ⁴
1153 3550 1175 3583 'a'

928 3590 934 3605 ¹.
967 3587 973 3600 l
1004 3598 1009 3606 ι
1040 3585 1082 3613 '¹3³
1133 3580 1188 3607 *ss*

938 3620 945 3633 J
980 3620 985 3632 b
1048 3620 1051 3629 Ι
1078 3628 1081 3631 .
1145 3620 1149 3626 ’

957 3643 982 3656 hh
1038 3640 1041 3645 ⁴

1038 3748 1043 3757 ι
