2392 3848
113 152 161 212 ’26
287 169 329 210 on
349 168 524 210 oarrnmmr
547 169 789 213 comvuanromr
810 170 838 212 c.
863 162 908 215 51.

114 314 215 394 populi
226 316 349 377 Romani
364 316 467 392 opibus
483 325 627 387 creverat,
643 319 730 378 infida
748 326 776 378 et
790 318 912 378 advorsa
927 316 1012 377 nobis
1026 316 1089 387 luit,

115 406 159 460 set
172 405 326 477 postquam
345 399 422 459 hello
437 400 570 460 consecto
590 401 626 460 de
640 401 760 460 Rhodiis
775 399 939 461 consultum
955 407 1006 468 est,
1028 417 1091 459 ma·

114 484 304 550 ioresnostri,
320 500 358 541 ne
374 484 438 560 quis
453 483 615 544 divitiarum
626 486 718 559 magis
745 500 833 560 quam
854 484 979 542 iniuriae
1001 499 1090 543 causa

83 580 106 630 c
115 564 225 624 bellum
238 566 387 642 inceptum
400 565 518 635 diceret,
535 567 683 643 inpunitos
697 583 747 626 eos
760 566 904 626 dimisere.
923 564 996 625 ltem
1007 562 1091 624 bellis

113 646 230 707 Punicis
248 647 391 716 omnihus
407 666 474 708 cum
490 665 577 728 saepe
592 648 843 724 Carthaginienses
857 646 914 728 [et]
929 649 959 707 in
973 665 1046 724 pace
1060 655 1114 707 ets

113 747 167 807 per
184 731 315 790 inducias
328 730 419 790 multa
434 730 545 791 nefaria
560 733 688 792 facinora
704 730 849 800 fecissent,
861 747 1021 808 numquam
1035 730 1091 806 ipsi

113 831 167 891 per
186 814 369 874 occasionem
388 814 454 873 talia
473 815 586 874 iecere:
609 816 701 891 magis
719 815 788 893 quid
809 832 840 874 se
862 813 981 890 dignum
1003 812 1088 880 soret,

114 913 201 973 quam
219 896 288 974 quid
304 898 334 956 in
349 895 413 956 illos
427 898 490 957 iure
504 899 568 956 ficri
582 905 681 974 posset
695 896 884 974 quaerebant.

90 1002 104 1047 7
200 978 262 1038 lloc
274 980 346 1038 item
360 978 441 1038 vobis
456 979 667 1056 providendum
683 986 741 1046 est,
756 966 855 1055 p‘atres
869 980 1035 1057 conscripti,
1051 996 1090 1039 ne

115 1061 181 1139 plus
195 1061 273 1138 apud
292 1078 343 1120 vos
364 1060 456 1121 valeat
476 1061 508 1120 P.
530 1060 646 1120 Lentuli
664 1068 693 1121 et
711 1068 877 1121 ceterorum
892 1061 988 1121 scelus
1003 1074 1124 1138 quamlt

113 1150 211 1202 vostra
233 1143 370 1219 dignitas
399 1160 456 1202 neu
484 1145 575 1221 magis
593 1145 655 1203 irae
671 1150 785 1204 vostrae
802 1162 891 1221 quam
911 1144 1005 1205 lamae
1021 1161 1090 1203 oon·

87 1226 221 1294 ustilatis.
243 1226 317 1285 Nam
331 1228 356 1286 si
371 1225 458 1304 digna
472 1242 566 1304 poena
576 1244 631 1303 pro
646 1227 729 1286 factis
744 1245 847 1288 eorum
861 1229 1023 1305 reperitur,
1038 1243 1090 1285 no·

115 1327 181 1369 vom
196 1306 348 1369 consilium
363 1308 509 1386 adprobo:
525 1311 568 1369 sin
578 1309 751 1386 'magnitudo
767 1309 886 1370 sceleris
901 1311 1030 1371 omnium
1046 1311 1090 1369 in·

114 1393 199 1468 genia
211 1399 359 1468 exuperat,
376 1394 418 1453 eis
428 1393 569 1453 utendum
585 1411 699 1461 censeo,
716 1411 791 1470 quae
806 1392 919 1469 legibus
933 1398 1090 1469 conparata

29 1514 32 1519 ·
87 1481 188 1540 esunt.
231 1475 366 1552 Plerique
388 1494 504 1545 eorum,
531 1478 581 1554 qui
606 1483 673 1536 ante
695 1492 742 1535 me
765 1477 922 1537 sententias
944 1475 1088 1544 dixerunt,
1100 1485 1125 1526 1⁶
1154 1510 1158 1519 ·

114 1560 264 1637 conposite
280 1566 366 1636 atque
381 1559 535 1634 magnifice
550 1577 650 1619 casum
662 1560 707 1619 rei
717 1557 995 1637 publicaemiserati
1006 1566 1089 1618 sunt:

114 1658 188 1719 quae
206 1641 275 1702 belli
298 1643 414 1701 saevitia
436 1649 525 1709 esset,
548 1658 623 1718 quae
643 1643 725 1702 victis
745 1642 919 1709 acciderent,
936 1657 1089 1701 enumera·

113 1743 199 1784 vere:
221 1725 285 1799 rapi
300 1725 426 1799 virgines
440 1742 563 1801 pueros,
587 1723 681 1785 divelli
692 1724 803 1785 liberos
819 1743 835 1785 a
850 1730 1005 1802 parentum
1020 1741 1089 1783 con·

113 1807 216 1884 plexu,
238 1811 347 1865 matres
369 1806 544 1867 familiarum
565 1809 624 1884 pati
647 1827 722 1887 qnae
741 1808 900 1868 victoribus
921 1805 1089 1867 conlubuis·

113 1896 187 1958 sent,
203 1889 269 1949 sana
285 1894 372 1967 atque
383 1889 485 1951 domos
496 1890 622 1970 spoliari,
639 1893 758 1953 caedem
771 1891 905 1951 incendia
920 1891 992 1959 fieri,
1007 1899 1087 1966 post·
1097 1898 1122 1938 ²⁰

75 1987 196 2036 loremo
206 1974 295 2033 armis
311 1972 509 2042 cadaveribus,
531 1993 637 2035 cruore
649 1982 735 2052 atque
745 1973 826 2032 luctu
838 1974 934 2030 omnia
948 1973 1087 2049 conpleri.

114 2057 178 2124 Set,
202 2074 257 2133 per
278 2055 544 2123 deosrinmortalis,
570 2074 628 2133 quo
650 2056 698 2115 illa
717 2055 809 2114 oratio
830 2054 991 2129 pertinuit?
1043 2054 1088 2112 dn

113 2139 155 2197 uti
171 2154 222 2196 vos
238 2138 359 2196 infestos
375 2139 566 2201 coniurationi
580 2137 707 2198 laceret?
722 2134 832 2195 scilicet
846 2152 934 2214 quem
947 2153 996 2195 res
1011 2143 1089 2197 tanta

73 2229 102 2280 11
114 2227 143 2279 et
162 2226 222 2278 tam
244 2225 328 2279 atrox
346 2236 405 2279 non
423 2221 575 2296 permovit,
598 2237 666 2279 eum
679 2220 772 2279 oratio
787 2217 939 2278 adcendet.
967 2218 1032 2278 Non
1050 2221 1088 2279 ita

114 2309 166 2370 est,
180 2319 276 2380 neque
288 2303 424 2382 cuiquam
432 2300 598 2363 mortalium
609 2304 731 2364 iniuriae
743 2319 813 2363 suae
823 2318 931 2382 parvae
942 2301 1087 2361 videntur:
1098 2314 1123 2354 ²⁵

113 2385 195 2446 multi
213 2403 262 2446 eas
284 2388 399 2462 gravius
418 2405 512 2465 aequo
529 2386 668 2448 habuere.
692 2386 743 2448 Set
757 2384 812 2446 alia
826 2383 889 2446 aliis
902 2383 1018 2445 licentia
1034 2393 1087 2454 est,

72 2476 212 2548 inpetres
232 2471 397 2547 conscripti.
426 2471 481 2541 Qui
500 2471 616 2532 demissi
631 2473 659 2531 in
682 2470 809 2531 obscuro
830 2469 916 2528 vitam
929 2468 1047 2537 habent,
1065 2471 1089 2528 si

113 2552 182 2629 quid
197 2553 346 2612 iracundia
366 2552 528 2629 deliquere,
553 2556 639 2631 pauci
652 2556 756 2621 sciunt,
775 2552 852 2611 lama
867 2558 955 2627 atque
970 2551 1088 2610 fortuna

113 2650 216 2694 eorum
236 2651 322 2711 pares
343 2641 422 2693 sunt:
447 2637 496 2711 qui
517 2651 622 2709 magno
636 2635 761 2713 imperio
771 2633 894 2710 praediti
914 2634 945 2691 in
973 2631 1087 2691 excelso

71 2728 104 2780 13
115 2722 237 2776 aetatem
259 2723 362 2793 agunt,
383 2733 486 2776 eorum
501 2716 576 2776 lacta
591 2720 688 2776 cuncti
702 2715 839 2776 mortales
855 2730 973 2776 novere.
1003 2713 1046 2775 lta
1059 2716 1123 2774 iuao

112 2817 249 2859 maxuma
263 2800 380 2860 fortuna
402 2801 531 2860 minuma
545 2799 662 2860 licentia
684 2806 742 2860 est:
763 2816 859 2877 neque
881 2798 999 2859 studere
1038 2816 1089 2858 ne-

72 2898 170 2960 mque
191 2881 302 2950 odisse,
325 2889 370 2942 set
390 2883 518 2942 minume
538 2884 623 2942 irasci
640 2883 740 2942 decet:
764 2900 838 2960 quae
854 2881 931 2959 apud
946 2881 1018 2940 alios
1032 2882 1088 2940 ira·

113 2964 217 3023 cundia
233 2964 351 3033 dicitur,
373 2982 407 3025 ea
421 2967 450 3025 iu
462 2965 584 3043 imperio
603 2965 741 3042 superbia
757 2972 843 3043 atque
863 2964 1020 3024 crudelitas
1038 2964 1087 3024 ad·

72 3062 103 3113 15
113 3046 245 3126 pellatur.
295 3047 437 3127 Equidem
465 3064 519 3125 ogo
546 3050 588 3108 sic
615 3049 771 3118 existumo,
800 3055 899 3126 patres
921 3049 1087 3126 conscriptr,

113 3133 206 3191 omnis
228 3133 373 3192 cruciatus
394 3133 522 3193 minores
537 3149 625 3211 quam
647 3131 776 3191 facinora
797 3131 915 3192 illorum
938 3146 1018 3190 esse:
1044 3136 1089 3188 set
1097 3139 1123 3180 ³⁸

111 3213 242 3292 plerique
254 3215 391 3275 mortales
403 3222 550 3291 postrema
561 3217 730 3284 meminere,
743 3216 812 3274 etin
824 3212 991 3274 hominibus
1004 3213 1088 3287 inpiis

112 3295 230 3357 sceleris
250 3314 352 3358 eorum
372 3296 451 3357 obliti
473 3298 509 3358 de
523 3315 617 3376 poena
640 3297 794 3367 disserunt,
818 3298 842 3356 si
856 3314 889 3355 ea
903 3293 991 3372 paulo
1006 3311 1088 3353 seve·
1144 3340 1150 3352 ,

111 3380 173 3438 rior
190 3379 251 3439 luit.
