2392 3848
151 213 192 277 86
292 234 334 274 οε
357 234 458 275 annno
480 233 680 276 rvururnnm
705 234 734 274 c.
757 223 801 276 80.
821 225 866 277 81.
888 225 930 278 82.
953 226 994 278 83.

153 384 291 460 quisque,
314 399 402 459 quam
422 379 575 459 plurumas
594 398 711 452 uxores,
727 381 817 443 denas
838 380 948 442 aliialii
970 381 1070 459 plures
1084 378 1137 441 ha·

127 465 236 534 theut,
262 471 307 525 set
321 481 407 540 reges
428 483 462 524 eo
480 463 613 562 amplius.
646 464 687 525 lta
704 467 817 526 ahlmus
832 462 1017 525 multitudine
1032 464 1136 524 distra-

152 548 195 609 hit
183 555 247 609 tzur
275 546 356 608 nulla
377 565 432 625 pro
456 548 533 608 socia
556 550 677 627 optinet,
701 549 811 626 pariter
838 565 940 608 omnes
963 547 1033 608 viles
1056 560 1134 608 sunt.

103 636 139 700 81
153 632 274 708 Igitur
265 649 295 691 m
318 631 416 692 locum
445 630 589 691 ambobus
609 631 748 710 placItum
774 633 919 692 exereitus
945 632 1135 692 conveniunt:

152 715 193 775 ibi
215 715 272 776 lide
295 715 361 776 data
382 722 411 775 et
432 723 551 792 accepta
571 714 712 792 Iugurtha
732 714 842 776 Bocchi
854 716 984 776 animum
1005 716 1157 777 orationes

153 800 303 859 adcendit:
326 798 474 859 llomanos
488 800 623 868 iniustos,
645 799 793 877 prolunda
815 799 949 868 avaritia,
973 801 1136 860 communis

153 885 282 943 omnium
297 882 388 942 hostis
402 899 479 944 esse:
493 883 616 943 eandem
627 882 692 943 illos
704 899 837 944 caussam
851 881 920 942 belli
935 900 1003 943 cum
1016 881 1136 943 Boccho

153 966 273 1036 habere,
287 983 374 1046 quam
385 982 485 1026 secum
498 973 527 1026 et
541 984 609 1027 cum
620 965 682 1027 aliis
697 966 841 1044 gentibue,
857 963 1140 1044 lubidInemimperi·

153 1050 242 1118 tandI,
266 1050 330 1128 quIs
345 1050 442 1110 omnia
458 1067 550 1126 regna
563 1050 686 1111 advorsa
701 1051 773 1110 sint:
796 1058 858 1110 tum
874 1067 948 1118 sese,
965 1047 1052 1126 paulo
1068 1057 1135 1110 ante

154 1132 413 1211 Carthaginiensis,
435 1135 504 1193 item
518 1150 621 1211 regem
636 1133 761 1202 Persen,
777 1141 844 1211 post
859 1134 901 1194 uti
918 1136 1039 1212 quisque
1061 1150 1134 1210 opu·
1146 1157 1169 1195 u

127 1216 340 1280 olentissumus
360 1216 506 1285 videatur,
529 1219 567 1277 ita
583 1216 721 1277 Romanis
741 1217 856 1277 hostem
875 1217 947 1277 lore.
984 1216 1032 1276 Eis
1046 1226 1134 1294 atque

153 1299 215 1361 aliis
230 1299 338 1360 talibus
354 1299 437 1360 dictis
451 1299 488 1359 ad
505 1300 612 1362 Cirtam
627 1301 766 1379 oppidum
781 1302 835 1361 iter
850 1301 1038 1368 constituunt,
1055 1301 1133 1377 quod

152 1383 250 1462 ibique
268 1383 372 1422 ******
389 1383 521 1444 lletellus
536 1385 676 1462 praedam
691 1386 877 1462 captiuosque
895 1391 924 1444 et
938 1384 1134 1462 inpedimenta

127 1466 306 1528 tlocaverat.
329 1467 371 1528 lta
383 1468 523 1544 Iugurtha
538 1477 619 1528 ratus
635 1475 684 1529 aut
695 1475 778 1544 capta
793 1466 868 1527 urbe
883 1484 990 1544 operae
1000 1467 1134 1544 precium

152 1551 225 1620 lore,
242 1558 291 1612 aut
301 1551 326 1610 si
339 1551 489 1612 Romanus
502 1550 607 1613 auxilio
621 1553 680 1613 suis
691 1552 823 1618 venisset,
836 1549 948 1629 proelio
963 1568 1028 1611 sese
1040 1557 1133 1611 certa·
1145 1574 1168 1611 re

127 1642 244 1696 4turos.
289 1634 364 1695 Nam
389 1632 510 1696 callidus
530 1635 560 1695 id
581 1635 669 1695 modo
697 1633 864 1701 festinabat,
893 1631 1003 1693 Bocchi
1030 1651 1133 1711 pacem

152 1720 329 1786 inminuere,
351 1736 389 1778 ne
411 1734 510 1778 moras
531 1717 666 1795 agitando
682 1716 758 1778 aliud
781 1735 869 1795 quam
893 1715 1003 1777 bellum
1024 1717 1131 1777 mallet.

103 1800 141 1862 82
228 1799 389 1878 Imperator
411 1810 567 1881 postquam
582 1801 618 1863 de
631 1818 735 1878 regum
755 1802 892 1861 societate
910 1802 1053 1877 cognovit,
1073 1818 1132 1860 non

153 1893 274 1954 temere,
296 1902 407 1964 neque,
432 1887 474 1948 uti
490 1903 578 1964 saepe
599 1887 657 1946 iam
677 1887 752 1946 ricto
770 1884 911 1962 Iugurtha
932 1892 1132 1953 consueverat,

154 1967 290 2029 omnibus
305 1967 377 2028 locis
395 1970 544 2049 pugnandi
565 1971 676 2048 copiam
694 1969 777 2030 lacit:
800 1975 930 2028 ceterum
943 1967 1015 2028 haut
1028 1967 1167 2046 proculae

153 2052 188 2112 ab
214 2052 290 2112 Cirta
312 2054 415 2116 castris
435 2053 553 2114 munitis
573 2070 660 2130 reges
680 2055 827 2130 operitur,
848 2051 951 2112 melius
966 2068 1029 2111 esse
1050 2058 1132 2110 ratus

153 2135 275 2210 cognitis
297 2135 420 2205 llauris,
454 2139 592 2214 quoniam
613 2139 638 2196 is
658 2154 749 2196 noros
770 2135 862 2196 hostis
884 2135 1065 2203 adcesserat,
1096 2152 1131 2194 ex

153 2216 306 2277 commodo
324 2235 453 2296 pugnam
467 2219 575 2280 lacere.

126 2317 142 2363 2
236 2300 355 2362 InterIm
377 2301 469 2364 Roma
488 2321 541 2381 per
563 2303 673 2364 litteras
695 2305 803 2364 certior
825 2304 858 2362 Iit
876 2303 1055 2380 provInciam
1071 2300 1131 2362 Nu·

152 2385 269 2446 midiam
281 2384 372 2447 Mario
387 2387 497 2448 datam:
513 2406 581 2449 nam
597 2386 747 2448 consulem
761 2388 870 2448 lactum
884 2392 951 2447 ante
968 2393 1129 2463 acceperat.
1141 2404 1166 2446 aa

153 2468 265 2540 Quibus
279 2469 369 2531 rebus
383 2489 472 2549 supra
493 2472 604 2532 bonum
619 2476 669 2532 aut
687 2470 843 2532 honestum
857 2469 1021 2548 perculsus,
1036 2486 1132 2548 neque

152 2550 297 2612 lacrumas
310 2559 413 2615 tenere
429 2574 525 2634 nsque
544 2555 691 2616 moderari
711 2554 857 2632 lInguam:
881 2555 923 2614 vir
946 2554 1082 2631 egregius
1101 2554 1132 2613 In

125 2634 212 2700 aaliis
235 2635 346 2697 artibus
366 2638 451 2697 nimis
464 2636 590 2698 molliter
606 2639 818 2714 aegritudinem
839 2636 908 2715 pati.
952 2635 1047 2705 Quam
1067 2655 1132 2697 rem

151 2718 198 2779 alii
208 2721 237 2779 in
248 2719 415 2799 superbiam
428 2722 590 2792 vortebant,
606 2721 653 2782 alii
666 2721 777 2783 bonum
792 2722 942 2799 ingenium
957 2720 1132 2781 contumeba

151 2803 310 2862 adcensum
327 2821 400 2873 esse,
418 2804 502 2865 multi
524 2805 602 2884 quod
622 2806 680 2866 iam
701 2811 785 2884 parta
800 2806 920 2865 victoria
939 2823 976 2866 ex
996 2803 1167 2864 manIbusae

151 2886 324 2962 erIperetur.
366 2886 456 2946 Nobis
478 2888 547 2946 satis
567 2890 715 2962 cognItum
737 2895 781 2947 est
801 2887 883 2946 illum
903 2887 995 2964 magis
1017 2886 1131 2949 honore

149 2967 222 3028 llari
244 2984 332 3046 quam
352 2969 457 3030 iniuria
477 2987 527 3030 sua
543 2971 742 3030 excruciatum
757 2987 853 3047 neque
873 2976 935 3030 tam
950 2971 1035 3031 anxie
1056 2968 1130 3032 latu·

149 3069 218 3114 rum
242 3049 345 3121 luisse,
378 3053 402 3114 si
428 3052 562 3132 adempta
586 3055 736 3132 provincia
765 3053 812 3114 alii
839 3072 926 3132 quam
952 3052 1045 3115 llario
1072 3062 1130 3114 tra-

150 3136 279 3197 deretur.

100 3225 139 3290 83
233 3220 324 3298 lgilur
344 3238 379 3282 eo
405 3219 506 3284 dolore
521 3223 666 3301 inpeditus
687 3230 716 3283 et
737 3225 803 3302 quia
823 3223 959 3284 stultitiae
975 3219 1162 3282 ridebaturrs

150 3304 272 3365 alienam
285 3322 349 3366 rem
363 3302 495 3382 periculo
508 3323 563 3367 suo
578 3324 698 3376 curare,
721 3305 833 3386 legatos
848 3306 884 3367 ad
897 3302 1048 3366 Bocchum
1063 3307 1128 3366 mIt-

149 3391 182 3447 tit
198 3387 386 3466 postulatum,
403 3407 441 3451 ne
455 3389 518 3451 sine
539 3406 627 3453 causa
650 3388 742 3450 bostis
756 3388 864 3468 populo
882 3387 1014 3448 Romano
1029 3389 1127 3451 lieret:

134 3470 254 3529 hahere
267 3480 332 3532 tum
348 3490 486 3551 magnam
503 3474 620 3554 copiam.
631 3474 776 3534 societatis
790 3472 991 3551 amicitiaeque
1006 3473 1128 3534 coniun-
