<?xml version="1.0" encoding="UTF-8"?>
<!DOCTYPE html PUBLIC "-//W3C//DTD XHTML 1.0 Transitional//EN"
    "http://www.w3.org/TR/xhtml1/DTD/xhtml1-transitional.dtd">
<html xmlns="http://www.w3.org/1999/xhtml" xml:lang="en" lang="en">
 <head>
  <title>
</title>
<meta http-equiv="Content-Type" content="text/html;charset=utf-8" />
  <meta name='ocr-system' content='tesseract 3.04.00' />
  <meta name='ocr-capabilities' content='ocr_page ocr_carea ocr_par ocr_line ocrx_word'/>
</head>
<body>
  <div class='ocr_page' id='page_1' title='image "./libridecatilina00sallgoog_0063.png"; bbox 0 0 2392 3848; ppageno 0'>
   <div class='ocr_carea' id='block_1_1' title="bbox 118 192 892 256">
    <p class='ocr_par' dir='ltr' id='par_1_1' title="bbox 118 192 892 256">
     <span class='ocr_line' id='line_1_1' title="bbox 118 192 892 256; baseline 0.001 -6"><span class='ocrx_word' id='word_1_1' title='bbox 118 192 160 250; x_wconf 74' lang='lat'><strong>44</strong></span> <span class='ocrx_word' id='word_1_2' title='bbox 327 209 370 250; x_wconf 87' lang='lat' dir='ltr'><strong>nn</strong></span> <span class='ocrx_word' id='word_1_3' title='bbox 392 208 494 252; x_wconf 68' lang='lat' dir='ltr'><strong>nanno</strong></span> <span class='ocrx_word' id='word_1_4' title='bbox 514 208 726 253; x_wconf 71' lang='lat' dir='ltr'><strong>rvcvarnrrro.</strong></span> <span class='ocrx_word' id='word_1_5' title='bbox 744 209 773 251; x_wconf 86' lang='grc' dir='ltr'><strong>ο.</strong></span> <span class='ocrx_word' id='word_1_6' title='bbox 791 201 833 256; x_wconf 85' lang='grc'><strong>13.</strong></span> <span class='ocrx_word' id='word_1_7' title='bbox 850 202 892 253; x_wconf 77' lang='lat' dir='ltr'><strong>ll.</strong></span> 
     </span>
    </p>
   </div>
   <div class='ocr_carea' id='block_1_2' title="bbox 72 355 1137 3511">
    <p class='ocr_par' dir='ltr' id='par_1_2' title="bbox 90 355 1102 435">
     <span class='ocr_line' id='line_1_2' title="bbox 90 355 1102 435; baseline 0.003 -18"><span class='ocrx_word' id='word_1_8' title='bbox 90 356 249 417; x_wconf 79' lang='lat' dir='ltr'><strong>⁴itendere.</strong></span> <span class='ocrx_word' id='word_1_9' title='bbox 288 355 339 417; x_wconf 86' lang='lat' dir='ltr'><strong>Set</strong></span> <span class='ocrx_word' id='word_1_10' title='bbox 353 356 404 418; x_wconf 92' lang='lat' dir='ltr'><strong>ubi</strong></span> <span class='ocrx_word' id='word_1_11' title='bbox 417 373 467 418; x_wconf 89' lang='lat' dir='ltr'><strong>res</strong></span> <span class='ocrx_word' id='word_1_12' title='bbox 488 356 524 417; x_wconf 90' lang='lat' dir='ltr'><strong>ad</strong></span> <span class='ocrx_word' id='word_1_13' title='bbox 542 363 691 417; x_wconf 86' lang='lat' dir='ltr'><strong>certamen</strong></span> <span class='ocrx_word' id='word_1_14' title='bbox 706 357 792 425; x_wconf 85' lang='lat' dir='ltr'><strong>venit,</strong></span> <span class='ocrx_word' id='word_1_15' title='bbox 815 358 908 417; x_wconf 88' lang='lat' dir='ltr'><strong>victus</strong></span> <span class='ocrx_word' id='word_1_16' title='bbox 927 375 963 417; x_wconf 84' lang='lat' dir='ltr'><strong>er</strong></span> <span class='ocrx_word' id='word_1_17' title='bbox 983 357 1102 435; x_wconf 88' lang='lat' dir='ltr'><strong>proelio</strong></span> 
     </span>
    </p>

    <p class='ocr_par' dir='ltr' id='par_1_3' title="bbox 92 438 1126 769">
     <span class='ocr_line' id='line_1_3' title="bbox 92 438 1104 518; baseline 0.004 -19"><span class='ocrx_word' id='word_1_18' title='bbox 92 439 248 517; x_wconf 74' lang='lat' dir='ltr'><strong>oprolugit</strong></span> <span class='ocrx_word' id='word_1_19' title='bbox 268 440 298 501; x_wconf 91' lang='lat' dir='ltr'><strong>in</strong></span> <span class='ocrx_word' id='word_1_20' title='bbox 312 440 492 518; x_wconf 80' lang='lat' dir='ltr'><strong>provinciam</strong></span> <span class='ocrx_word' id='word_1_21' title='bbox 506 457 542 500; x_wconf 87' lang='lat' dir='ltr'><strong>ac</strong></span> <span class='ocrx_word' id='word_1_22' title='bbox 564 439 670 501; x_wconf 89' lang='lat' dir='ltr'><strong>deinde</strong></span> <span class='ocrx_word' id='word_1_23' title='bbox 685 438 811 500; x_wconf 84' lang='lat' dir='ltr'><strong>Romam</strong></span> <span class='ocrx_word' id='word_1_24' title='bbox 830 439 986 501; x_wconf 76' lang='lat' dir='ltr'>contendit.</span> <span class='ocrx_word' id='word_1_25' title='bbox 1023 440 1104 503; x_wconf 79' lang='lat' dir='ltr'><strong>Tum</strong></span> 
     </span>
     <span class='ocr_line' id='line_1_4' title="bbox 119 521 1101 601; baseline 0.001 -19"><span class='ocrx_word' id='word_1_26' title='bbox 119 521 257 601; x_wconf 74' lang='lat' dir='ltr'><strong>iugurtha</strong></span> <span class='ocrx_word' id='word_1_27' title='bbox 276 524 397 600; x_wconf 91' lang='lat' dir='ltr'><strong>patratis</strong></span> <span class='ocrx_word' id='word_1_28' title='bbox 418 522 558 590; x_wconf 81' lang='lat' dir='ltr'><strong>camillis,</strong></span> <span class='ocrx_word' id='word_1_29' title='bbox 582 529 736 601; x_wconf 85' lang='lat' dir='ltr'><strong>postquem</strong></span> <span class='ocrx_word' id='word_1_30' title='bbox 755 523 834 582; x_wconf 90' lang='lat' dir='ltr'><strong>omui</strong></span> <span class='ocrx_word' id='word_1_31' title='bbox 849 521 983 583; x_wconf 80' lang='lat' dir='ltr'><strong>Numidia</strong></span> <span class='ocrx_word' id='word_1_32' title='bbox 1004 527 1101 601; x_wconf 84' lang='lat' dir='ltr'><strong>potie-</strong></span> 
     </span>
     <span class='ocr_line' id='line_1_5' title="bbox 119 605 1103 683; baseline 0.005 -18"><span class='ocrx_word' id='word_1_33' title='bbox 119 605 220 672; x_wconf 91' lang='lat' dir='ltr'><strong>batur,</strong></span> <span class='ocrx_word' id='word_1_34' title='bbox 241 607 272 665; x_wconf 90' lang='lat' dir='ltr'><strong>in</strong></span> <span class='ocrx_word' id='word_1_35' title='bbox 291 606 350 667; x_wconf 86' lang='lat' dir='ltr'><strong>otio</strong></span> <span class='ocrx_word' id='word_1_36' title='bbox 372 605 485 667; x_wconf 84' lang='lat' dir='ltr'><strong>facinus</strong></span> <span class='ocrx_word' id='word_1_37' title='bbox 500 622 587 667; x_wconf 80' lang='lat' dir='ltr'><strong>auum</strong></span> <span class='ocrx_word' id='word_1_38' title='bbox 602 623 671 666; x_wconf 88' lang='lat' dir='ltr'><strong>cum</strong></span> <span class='ocrx_word' id='word_1_39' title='bbox 687 607 785 666; x_wconf 87' lang='lat' dir='ltr'><strong>animo</strong></span> <span class='ocrx_word' id='word_1_40' title='bbox 808 612 964 683; x_wconf 87' lang='lat' dir='ltr'><strong>reputans,</strong></span> <span class='ocrx_word' id='word_1_41' title='bbox 994 607 1103 671; x_wconf 90' lang='lat' dir='ltr'><strong>timere</strong></span> 
     </span>
     <span class='ocr_line' id='line_1_6' title="bbox 118 687 1126 769; baseline 0.002 -20"><span class='ocrx_word' id='word_1_42' title='bbox 118 687 260 767; x_wconf 87' lang='lat' dir='ltr'><strong>populum</strong></span> <span class='ocrx_word' id='word_1_43' title='bbox 281 688 446 751; x_wconf 80' lang='lat' dir='ltr'><strong>Romanum</strong></span> <span class='ocrx_word' id='word_1_44' title='bbox 467 706 563 769; x_wconf 84' lang='lat' dir='ltr'><strong>aeque</strong></span> <span class='ocrx_word' id='word_1_45' title='bbox 580 688 722 750; x_wconf 77' lang='lat' dir='ltr'><strong>advorsus</strong></span> <span class='ocrx_word' id='word_1_46' title='bbox 738 689 814 748; x_wconf 77' lang='lat' dir='ltr'><strong>bam</strong></span> <span class='ocrx_word' id='word_1_47' title='bbox 826 691 890 751; x_wconf 81' lang='lat' dir='ltr'><strong>eim</strong></span> <span class='ocrx_word' id='word_1_48' title='bbox 905 706 1032 768; x_wconf 77' lang='lat' dir='ltr'><strong>usquam</strong></span> <span class='ocrx_word' id='word_1_49' title='bbox 1044 692 1126 753; x_wconf 74' lang='lat' dir='ltr'><strong>nisit</strong></span> 
     </span>
    </p>

    <p class='ocr_par' dir='ltr' id='par_1_4' title="bbox 72 771 1137 2764">
     <span class='ocr_line' id='line_1_7' title="bbox 93 771 1103 852; baseline 0.007 -24"><span class='ocrx_word' id='word_1_50' title='bbox 93 773 149 832; x_wconf 86' lang='lat' dir='ltr'><strong>cin</strong></span> <span class='ocrx_word' id='word_1_51' title='bbox 170 773 288 833; x_wconf 78' lang='lat' dir='ltr'><strong>avaritia</strong></span> <span class='ocrx_word' id='word_1_52' title='bbox 313 772 469 835; x_wconf 87' lang='lat' dir='ltr'><strong>nobilitatis</strong></span> <span class='ocrx_word' id='word_1_53' title='bbox 490 779 519 834; x_wconf 91' lang='lat' dir='ltr'><strong>et</strong></span> <span class='ocrx_word' id='word_1_54' title='bbox 539 773 664 851; x_wconf 57' lang='lat' dir='ltr'><strong>munh</strong></span> <span class='ocrx_word' id='word_1_55' title='bbox 679 789 732 833; x_wconf 88' lang='lat' dir='ltr'><strong>sua</strong></span> <span class='ocrx_word' id='word_1_56' title='bbox 753 789 835 850; x_wconf 85' lang='lat' dir='ltr'><strong>spem</strong></span> <span class='ocrx_word' id='word_1_57' title='bbox 850 771 969 833; x_wconf 85' lang='lat' dir='ltr'><strong>babere.</strong></span> <span class='ocrx_word' id='word_1_58' title='bbox 998 772 1103 852; x_wconf 82' lang='lat' dir='ltr'><strong>ltaque</strong></span> 
     </span>
     <span class='ocr_line' id='line_1_8' title="bbox 118 854 1102 933; baseline 0.001 -17"><span class='ocrx_word' id='word_1_59' title='bbox 118 857 219 933; x_wconf 80' lang='lat' dir='ltr'><strong>paucis</strong></span> <span class='ocrx_word' id='word_1_60' title='bbox 229 856 331 919; x_wconf 90' lang='lat' dir='ltr'><strong>diebus</strong></span> <span class='ocrx_word' id='word_1_61' title='bbox 341 875 409 919; x_wconf 92' lang='lat' dir='ltr'><strong>cum</strong></span> <span class='ocrx_word' id='word_1_62' title='bbox 419 875 492 919; x_wconf 88' lang='lat' dir='ltr'><strong>auro</strong></span> <span class='ocrx_word' id='word_1_63' title='bbox 503 862 533 918; x_wconf 91' lang='lat' dir='ltr'><strong>et</strong></span> <span class='ocrx_word' id='word_1_64' title='bbox 541 863 664 933; x_wconf 76' lang='lat' dir='ltr'><strong>argento</strong></span> <span class='ocrx_word' id='word_1_65' title='bbox 674 855 766 919; x_wconf 87' lang='lat' dir='ltr'><strong>multo</strong></span> <span class='ocrx_word' id='word_1_66' title='bbox 774 855 898 917; x_wconf 84' lang='lat' dir='ltr'><strong>Romam</strong></span> <span class='ocrx_word' id='word_1_67' title='bbox 908 854 1021 932; x_wconf 74' lang='lat' dir='ltr'><strong>legatos</strong></span> <span class='ocrx_word' id='word_1_68' title='bbox 1033 859 1102 917; x_wconf 89' lang='lat' dir='ltr'><strong>mit-</strong></span> 
     </span>
     <span class='ocr_line' id='line_1_9' title="bbox 120 940 1102 1018; baseline 0.005 -21"><span class='ocrx_word' id='word_1_69' title='bbox 120 941 167 1008; x_wconf 89' lang='lat' dir='ltr'><strong>tit,</strong></span> <span class='ocrx_word' id='word_1_70' title='bbox 186 941 251 1018; x_wconf 84' lang='lat' dir='ltr'><strong>quis</strong></span> <span class='ocrx_word' id='word_1_71' title='bbox 272 942 427 1017; x_wconf 75' lang='lat' dir='ltr'><strong>praecipit,</strong></span> <span class='ocrx_word' id='word_1_72' title='bbox 450 942 579 1016; x_wconf 89' lang='lat' dir='ltr'><strong>primum</strong></span> <span class='ocrx_word' id='word_1_73' title='bbox 599 941 643 1001; x_wconf 87' lang='lat' dir='ltr'><strong>uti</strong></span> <span class='ocrx_word' id='word_1_74' title='bbox 664 946 778 1000; x_wconf 78' lang='lat' dir='ltr'><strong>veteres</strong></span> <span class='ocrx_word' id='word_1_75' title='bbox 799 941 908 1000; x_wconf 86' lang='lat' dir='ltr'><strong>amicos</strong></span> <span class='ocrx_word' id='word_1_76' title='bbox 928 940 1102 1002; x_wconf 83' lang='lat' dir='ltr'><strong>muneribus</strong></span> 
     </span>
     <span class='ocr_line' id='line_1_10' title="bbox 119 1022 1102 1103; baseline 0.004 -22"><span class='ocrx_word' id='word_1_77' title='bbox 119 1022 269 1098; x_wconf 78' lang='lat' dir='ltr'><strong>expleant,</strong></span> <span class='ocrx_word' id='word_1_78' title='bbox 292 1022 397 1095; x_wconf 89' lang='lat' dir='ltr'><strong>deinde</strong></span> <span class='ocrx_word' id='word_1_79' title='bbox 416 1039 508 1082; x_wconf 83' lang='lat' dir='ltr'><strong>novoe</strong></span> <span class='ocrx_word' id='word_1_80' title='bbox 526 1022 698 1100; x_wconf 81' lang='lat' dir='ltr'><strong>adquirant,</strong></span> <span class='ocrx_word' id='word_1_81' title='bbox 725 1028 874 1099; x_wconf 86' lang='lat' dir='ltr'><strong>postremo</strong></span> <span class='ocrx_word' id='word_1_82' title='bbox 897 1040 1102 1103; x_wconf 87' lang='lat' dir='ltr'><strong>quaecumque</strong></span> 
     </span>
     <span class='ocr_line' id='line_1_11' title="bbox 93 1104 1137 1184; baseline 0.01 -25"><span class='ocrx_word' id='word_1_83' title='bbox 93 1105 232 1180; x_wconf 85' lang='lat' dir='ltr'><strong>7possint</strong></span> <span class='ocrx_word' id='word_1_84' title='bbox 251 1104 407 1180; x_wconf 82' lang='lat' dir='ltr'><strong>largiundo</strong></span> <span class='ocrx_word' id='word_1_85' title='bbox 428 1123 535 1184; x_wconf 84' lang='lat' dir='ltr'><strong>parare</strong></span> <span class='ocrx_word' id='word_1_86' title='bbox 553 1122 592 1165; x_wconf 88' lang='lat' dir='ltr'><strong>ae</strong></span> <span class='ocrx_word' id='word_1_87' title='bbox 612 1110 796 1165; x_wconf 81' lang='lat' dir='ltr'><strong>cunctentur.</strong></span> <span class='ocrx_word' id='word_1_88' title='bbox 841 1105 892 1166; x_wconf 84' lang='lat' dir='ltr'><strong>Set</strong></span> <span class='ocrx_word' id='word_1_89' title='bbox 909 1104 962 1166; x_wconf 93' lang='lat' dir='ltr'><strong>ubi</strong></span> <span class='ocrx_word' id='word_1_90' title='bbox 975 1104 1137 1169; x_wconf 76' lang='lat' dir='ltr'><strong>Romame</strong></span> 
     </span>
     <span class='ocr_line' id='line_1_12' title="bbox 118 1185 1102 1269; baseline 0.005 -24"><span class='ocrx_word' id='word_1_91' title='bbox 118 1185 207 1261; x_wconf 81' lang='lat' dir='ltr'><strong>legati</strong></span> <span class='ocrx_word' id='word_1_92' title='bbox 223 1205 330 1249; x_wconf 83' lang='lat' dir='ltr'><strong>venere</strong></span> <span class='ocrx_word' id='word_1_93' title='bbox 344 1195 375 1247; x_wconf 89' lang='lat' dir='ltr'><strong>et</strong></span> <span class='ocrx_word' id='word_1_94' title='bbox 389 1205 424 1248; x_wconf 85' lang='lat' dir='ltr'><strong>ex</strong></span> <span class='ocrx_word' id='word_1_95' title='bbox 440 1193 596 1267; x_wconf 89' lang='lat' dir='ltr'><strong>praecepto</strong></span> <span class='ocrx_word' id='word_1_96' title='bbox 609 1189 690 1263; x_wconf 82' lang='lat' dir='ltr'><strong>regie</strong></span> <span class='ocrx_word' id='word_1_97' title='bbox 702 1187 866 1266; x_wconf 81' lang='lat' dir='ltr'><strong>hospitibus</strong></span> <span class='ocrx_word' id='word_1_98' title='bbox 880 1187 1009 1267; x_wconf 83' lang='lat' dir='ltr'><strong>aliisque,</strong></span> <span class='ocrx_word' id='word_1_99' title='bbox 1027 1208 1102 1269; x_wconf 90' lang='lat' dir='ltr'><strong>quo·</strong></span> 
     </span>
     <span class='ocr_line' id='line_1_13' title="bbox 119 1270 1102 1350; baseline 0.006 -22"><span class='ocrx_word' id='word_1_100' title='bbox 119 1285 186 1329; x_wconf 90' lang='lat' dir='ltr'><strong>rum</strong></span> <span class='ocrx_word' id='word_1_101' title='bbox 201 1287 235 1330; x_wconf 84' lang='lat' dir='ltr'><strong>ea</strong></span> <span class='ocrx_word' id='word_1_102' title='bbox 250 1275 420 1348; x_wconf 81' lang='lat' dir='ltr'><strong>tempestate</strong></span> <span class='ocrx_word' id='word_1_103' title='bbox 434 1272 464 1333; x_wconf 88' lang='lat' dir='ltr'><strong>iu</strong></span> <span class='ocrx_word' id='word_1_104' title='bbox 474 1278 578 1333; x_wconf 83' lang='lat' dir='ltr'><strong>senatu</strong></span> <span class='ocrx_word' id='word_1_105' title='bbox 592 1272 750 1333; x_wconf 87' lang='lat' dir='ltr'><strong>auctoritas</strong></span> <span class='ocrx_word' id='word_1_106' title='bbox 762 1270 898 1350; x_wconf 89' lang='lat' dir='ltr'><strong>pollebat,</strong></span> <span class='ocrx_word' id='word_1_107' title='bbox 914 1287 1021 1349; x_wconf 78' lang='lat' dir='ltr'><strong>magna</strong></span> <span class='ocrx_word' id='word_1_108' title='bbox 1034 1290 1102 1334; x_wconf 91' lang='lat' dir='ltr'><strong>mu·</strong></span> 
     </span>
     <span class='ocr_line' id='line_1_14' title="bbox 119 1354 1101 1424; baseline 0.006 -13"><span class='ocrx_word' id='word_1_109' title='bbox 119 1369 190 1413; x_wconf 87' lang='lat' dir='ltr'><strong>nera</strong></span> <span class='ocrx_word' id='word_1_110' title='bbox 199 1354 315 1423; x_wconf 90' lang='lat' dir='ltr'><strong>misere,</strong></span> <span class='ocrx_word' id='word_1_111' title='bbox 330 1360 410 1417; x_wconf 83' lang='lat' dir='ltr'><strong>tanta</strong></span> <span class='ocrx_word' id='word_1_112' title='bbox 421 1357 598 1417; x_wconf 84' lang='lat' dir='ltr'><strong>conmutatio</strong></span> <span class='ocrx_word' id='word_1_113' title='bbox 612 1355 739 1424; x_wconf 84' lang='lat' dir='ltr'><strong>incessit,</strong></span> <span class='ocrx_word' id='word_1_114' title='bbox 755 1361 787 1416; x_wconf 90' lang='lat' dir='ltr'><strong>ut</strong></span> <span class='ocrx_word' id='word_1_115' title='bbox 796 1375 834 1416; x_wconf 78' lang='lat' dir='ltr'><strong>ea</strong></span> <span class='ocrx_word' id='word_1_116' title='bbox 848 1373 984 1417; x_wconf 82' lang='lat' dir='ltr'><strong>maxuma</strong></span> <span class='ocrx_word' id='word_1_117' title='bbox 995 1356 1101 1418; x_wconf 89' lang='lat' dir='ltr'><strong>invidia</strong></span> 
     </span>
     <span class='ocr_line' id='line_1_15' title="bbox 93 1436 1101 1514; baseline 0.005 -18"><span class='ocrx_word' id='word_1_118' title='bbox 93 1436 149 1496; x_wconf 83' lang='lat' dir='ltr'><strong>sin</strong></span> <span class='ocrx_word' id='word_1_119' title='bbox 162 1439 286 1514; x_wconf 79' lang='lat' dir='ltr'><strong>gratiam</strong></span> <span class='ocrx_word' id='word_1_120' title='bbox 300 1445 330 1500; x_wconf 91' lang='lat' dir='ltr'><strong>et</strong></span> <span class='ocrx_word' id='word_1_121' title='bbox 344 1438 475 1501; x_wconf 81' lang='lat' dir='ltr'><strong>levorem</strong></span> <span class='ocrx_word' id='word_1_122' title='bbox 490 1438 647 1501; x_wconf 86' lang='lat' dir='ltr'><strong>nobilitatis</strong></span> <span class='ocrx_word' id='word_1_123' title='bbox 660 1438 802 1514; x_wconf 83' lang='lat' dir='ltr'><strong>lugurtba</strong></span> <span class='ocrx_word' id='word_1_124' title='bbox 818 1441 938 1500; x_wconf 84' lang='lat' dir='ltr'><strong>veniret.</strong></span> <span class='ocrx_word' id='word_1_125' title='bbox 967 1439 1101 1511; x_wconf 81' lang='lat' dir='ltr'><strong>Quorum</strong></span> 
     </span>
     <span class='ocr_line' id='line_1_16' title="bbox 119 1521 1137 1601; baseline 0.002 -20"><span class='ocrx_word' id='word_1_126' title='bbox 119 1536 189 1597; x_wconf 88' lang='lat' dir='ltr'><strong>pars</strong></span> <span class='ocrx_word' id='word_1_127' title='bbox 203 1539 256 1600; x_wconf 90' lang='lat' dir='ltr'><strong>spe</strong></span> <span class='ocrx_word' id='word_1_128' title='bbox 289 1521 337 1584; x_wconf 90' lang='lat' dir='ltr'><strong>alii</strong></span> <span class='ocrx_word' id='word_1_129' title='bbox 351 1525 483 1601; x_wconf 89' lang='lat' dir='ltr'><strong>praemio</strong></span> <span class='ocrx_word' id='word_1_130' title='bbox 499 1523 612 1583; x_wconf 91' lang='lat' dir='ltr'><strong>inducti</strong></span> <span class='ocrx_word' id='word_1_131' title='bbox 628 1521 759 1597; x_wconf 78' lang='lat' dir='ltr'><strong>singulos</strong></span> <span class='ocrx_word' id='word_1_132' title='bbox 772 1529 926 1583; x_wconf 85' lang='lat' dir='ltr'><strong>exsenatu</strong></span> <span class='ocrx_word' id='word_1_133' title='bbox 940 1522 1100 1584; x_wconf 88' lang='lat' dir='ltr'><strong>ambiundo</strong></span> <span class='ocrx_word' id='word_1_134' title='bbox 1109 1542 1137 1583; x_wconf 76' lang='lat' dir='ltr'><strong>aa</strong></span> 
     </span>
     <span class='ocr_line' id='line_1_17' title="bbox 94 1602 1100 1683; baseline 0.007 -22"><span class='ocrx_word' id='word_1_135' title='bbox 94 1602 304 1675; x_wconf 71' lang='lat' dir='ltr'><strong>enitebantur,</strong></span> <span class='ocrx_word' id='word_1_136' title='bbox 327 1624 365 1666; x_wconf 88' lang='lat' dir='ltr'><strong>ne</strong></span> <span class='ocrx_word' id='word_1_137' title='bbox 380 1608 497 1682; x_wconf 75' lang='lat' dir='ltr'><strong>gravius</strong></span> <span class='ocrx_word' id='word_1_138' title='bbox 509 1607 541 1665; x_wconf 91' lang='lat' dir='ltr'><strong>in</strong></span> <span class='ocrx_word' id='word_1_139' title='bbox 557 1621 624 1667; x_wconf 89' lang='lat' dir='ltr'><strong>eum</strong></span> <span class='ocrx_word' id='word_1_140' title='bbox 640 1602 852 1665; x_wconf 80' lang='lat' dir='ltr'><strong>compleretur.</strong></span> <span class='ocrx_word' id='word_1_141' title='bbox 885 1605 977 1683; x_wconf 79' lang='lat' dir='ltr'><strong>Igitur</strong></span> <span class='ocrx_word' id='word_1_142' title='bbox 991 1605 1043 1668; x_wconf 92' lang='lat' dir='ltr'><strong>ubi</strong></span> <span class='ocrx_word' id='word_1_143' title='bbox 1057 1605 1100 1668; x_wconf 91' lang='lat' dir='ltr'><strong>le·</strong></span> 
     </span>
     <span class='ocr_line' id='line_1_18' title="bbox 120 1687 1098 1768; baseline 0.007 -23"><span class='ocrx_word' id='word_1_144' title='bbox 120 1687 179 1759; x_wconf 80' lang='lat' dir='ltr'><strong>gaci</strong></span> <span class='ocrx_word' id='word_1_145' title='bbox 199 1689 268 1749; x_wconf 87' lang='lat' dir='ltr'><strong>satis</strong></span> <span class='ocrx_word' id='word_1_146' title='bbox 289 1688 453 1757; x_wconf 83' lang='lat' dir='ltr'><strong>confidunt,</strong></span> <span class='ocrx_word' id='word_1_147' title='bbox 474 1688 521 1749; x_wconf 92' lang='lat' dir='ltr'><strong>die</strong></span> <span class='ocrx_word' id='word_1_148' title='bbox 536 1688 691 1748; x_wconf 86' lang='lat' dir='ltr'><strong>constituto</strong></span> <span class='ocrx_word' id='word_1_149' title='bbox 713 1694 832 1749; x_wconf 83' lang='lat' dir='ltr'><strong>senatus</strong></span> <span class='ocrx_word' id='word_1_150' title='bbox 851 1691 983 1768; x_wconf 75' lang='lat' dir='ltr'><strong>rrbbque</strong></span> <span class='ocrx_word' id='word_1_151' title='bbox 1001 1690 1098 1752; x_wconf 85' lang='lat' dir='ltr'><strong>datur.</strong></span> 
     </span>
     <span class='ocr_line' id='line_1_19' title="bbox 120 1765 947 1852; baseline 0.006 -24"><span class='ocrx_word' id='word_1_152' title='bbox 120 1765 196 1827; x_wconf 83' lang='lat' dir='ltr'><strong>Tum</strong></span> <span class='ocrx_word' id='word_1_153' title='bbox 216 1768 412 1831; x_wconf 75' lang='lat' dir='ltr'><strong>Adherbalem</strong></span> <span class='ocrx_word' id='word_1_154' title='bbox 428 1770 486 1831; x_wconf 92' lang='lat' dir='ltr'><strong>boc</strong></span> <span class='ocrx_word' id='word_1_155' title='bbox 506 1770 594 1831; x_wconf 91' lang='lat' dir='ltr'><strong>modo</strong></span> <span class='ocrx_word' id='word_1_156' title='bbox 611 1770 743 1833; x_wconf 89' lang='lat' dir='ltr'><strong>locutum</strong></span> <span class='ocrx_word' id='word_1_157' title='bbox 764 1774 947 1852; x_wconf 82' lang='lat' dir='ltr'><strong>accepimns:</strong></span> 
     </span>
     <span class='ocr_line' id='line_1_20' title="bbox 72 1846 1100 1934; baseline 0.006 -22"><span class='ocrx_word' id='word_1_158' title='bbox 72 1846 109 1904; x_wconf 84' lang='lat'><strong>¹4</strong></span> <span class='ocrx_word' id='word_1_159' title='bbox 206 1851 317 1915; x_wconf 88' lang='lat' dir='ltr'><strong>‘Patres</strong></span> <span class='ocrx_word' id='word_1_160' title='bbox 338 1855 511 1932; x_wconf 85' lang='lat' dir='ltr'><strong>conscripti,</strong></span> <span class='ocrx_word' id='word_1_161' title='bbox 534 1854 653 1934; x_wconf 83' lang='lat' dir='ltr'><strong>Micipsa</strong></span> <span class='ocrx_word' id='word_1_162' title='bbox 673 1861 757 1933; x_wconf 84' lang='lat' dir='ltr'><strong>pater</strong></span> <span class='ocrx_word' id='word_1_163' title='bbox 776 1874 861 1919; x_wconf 82' lang='lat' dir='ltr'><strong>meus</strong></span> <span class='ocrx_word' id='word_1_164' title='bbox 880 1858 1010 1918; x_wconf 83' lang='lat' dir='ltr'><strong>moriens</strong></span> <span class='ocrx_word' id='word_1_165' title='bbox 1028 1857 1100 1918; x_wconf 90' lang='lat' dir='ltr'><strong>mibi</strong></span> 
     </span>
     <span class='ocr_line' id='line_1_21' title="bbox 120 1936 1134 2019; baseline 0.009 -25"><span class='ocrx_word' id='word_1_166' title='bbox 120 1936 284 2014; x_wconf 90' lang='lat' dir='ltr'><strong>praecepit,</strong></span> <span class='ocrx_word' id='word_1_167' title='bbox 306 1939 349 1999; x_wconf 93' lang='lat' dir='ltr'><strong>uti</strong></span> <span class='ocrx_word' id='word_1_168' title='bbox 364 1938 450 2016; x_wconf 74' lang='lat' dir='ltr'><strong>regui</strong></span> <span class='ocrx_word' id='word_1_169' title='bbox 464 1938 616 2001; x_wconf 84' lang='lat' dir='ltr'><strong>Numidiae</strong></span> <span class='ocrx_word' id='word_1_170' title='bbox 633 1945 746 2003; x_wconf 66' lang='lat' dir='ltr'><strong>bulum</strong></span> <span class='ocrx_word' id='word_1_171' title='bbox 759 1941 848 2001; x_wconf 91' lang='lat' dir='ltr'><strong>modo</strong></span> <span class='ocrx_word' id='word_1_172' title='bbox 862 1941 1134 2019; x_wconf 72' lang='lat' dir='ltr'><strong>procurationemn</strong></span> 
     </span>
     <span class='ocr_line' id='line_1_22' title="bbox 121 2020 1100 2099; baseline 0.007 -23"><span class='ocrx_word' id='word_1_173' title='bbox 121 2020 327 2083; x_wconf 79' lang='lat' dir='ltr'><strong>existumarem</strong></span> <span class='ocrx_word' id='word_1_174' title='bbox 341 2039 446 2091; x_wconf 75' lang='lat' dir='ltr'><strong>meam,</strong></span> <span class='ocrx_word' id='word_1_175' title='bbox 463 2029 593 2091; x_wconf 86' lang='lat' dir='ltr'><strong>ceterum</strong></span> <span class='ocrx_word' id='word_1_176' title='bbox 603 2023 649 2083; x_wconf 91' lang='lat' dir='ltr'><strong>ius</strong></span> <span class='ocrx_word' id='word_1_177' title='bbox 659 2023 926 2099; x_wconf 84' lang='lat' dir='ltr'><strong>etimperiumeius</strong></span> <span class='ocrx_word' id='word_1_178' title='bbox 941 2039 1032 2097; x_wconf 79' lang='lat' dir='ltr'><strong>penes</strong></span> <span class='ocrx_word' id='word_1_179' title='bbox 1049 2042 1100 2083; x_wconf 81' lang='lat' dir='ltr'><strong>vos</strong></span> 
     </span>
     <span class='ocr_line' id='line_1_23' title="bbox 121 2102 1108 2185; baseline 0.007 -26"><span class='ocrx_word' id='word_1_180' title='bbox 121 2117 201 2169; x_wconf 86' lang='lat' dir='ltr'><strong>esse,</strong></span> <span class='ocrx_word' id='word_1_181' title='bbox 224 2102 311 2163; x_wconf 84' lang='lat' dir='ltr'><strong>simul</strong></span> <span class='ocrx_word' id='word_1_182' title='bbox 324 2105 452 2164; x_wconf 90' lang='lat' dir='ltr'><strong>eniterer</strong></span> <span class='ocrx_word' id='word_1_183' title='bbox 465 2105 545 2165; x_wconf 89' lang='lat' dir='ltr'><strong>domi</strong></span> <span class='ocrx_word' id='word_1_184' title='bbox 564 2103 742 2179; x_wconf 84' lang='lat' dir='ltr'><strong>militiaeque</strong></span> <span class='ocrx_word' id='word_1_185' title='bbox 764 2120 853 2179; x_wconf 87' lang='lat' dir='ltr'><strong>quam</strong></span> <span class='ocrx_word' id='word_1_186' title='bbox 874 2120 1011 2162; x_wconf 80' lang='lat' dir='ltr'><strong>maxumo</strong></span> <span class='ocrx_word' id='word_1_187' title='bbox 1032 2107 1108 2185; x_wconf 33' lang='lat' dir='ltr'><strong>usui,</strong></span> 
     </span>
     <span class='ocr_line' id='line_1_24' title="bbox 121 2182 1099 2260; baseline 0.005 -19"><span class='ocrx_word' id='word_1_188' title='bbox 121 2198 185 2242; x_wconf 87' lang='lat' dir='ltr'><strong>esse</strong></span> <span class='ocrx_word' id='word_1_189' title='bbox 206 2182 316 2260; x_wconf 91' lang='lat' dir='ltr'><strong>populo</strong></span> <span class='ocrx_word' id='word_1_190' title='bbox 336 2183 484 2253; x_wconf 81' lang='lat' dir='ltr'><strong>Romano,</strong></span> <span class='ocrx_word' id='word_1_191' title='bbox 501 2201 553 2244; x_wconf 85' lang='lat' dir='ltr'><strong>ros</strong></span> <span class='ocrx_word' id='word_1_192' title='bbox 572 2184 645 2245; x_wconf 91' lang='lat' dir='ltr'><strong>mibi</strong></span> <span class='ocrx_word' id='word_1_193' title='bbox 665 2190 866 2260; x_wconf 80' lang='lat' dir='ltr'><strong>cognatorum,</strong></span> <span class='ocrx_word' id='word_1_194' title='bbox 889 2201 941 2244; x_wconf 85' lang='lat' dir='ltr'><strong>ros</strong></span> <span class='ocrx_word' id='word_1_195' title='bbox 959 2184 1099 2246; x_wconf 81' lang='lat' dir='ltr'><strong>adfinium</strong></span> 
     </span>
     <span class='ocr_line' id='line_1_25' title="bbox 119 2263 1098 2336; baseline 0.004 -13"><span class='ocrx_word' id='word_1_196' title='bbox 119 2263 185 2324; x_wconf 92' lang='lat' dir='ltr'><strong>loco</strong></span> <span class='ocrx_word' id='word_1_197' title='bbox 207 2264 362 2327; x_wconf 86' lang='lat' dir='ltr'><strong>ducerem:</strong></span> <span class='ocrx_word' id='word_1_198' title='bbox 385 2267 410 2326; x_wconf 86' lang='lat' dir='ltr'><strong>si</strong></span> <span class='ocrx_word' id='word_1_199' title='bbox 430 2284 464 2327; x_wconf 86' lang='lat' dir='ltr'><strong>ea</strong></span> <span class='ocrx_word' id='word_1_200' title='bbox 485 2266 628 2336; x_wconf 80' lang='lat' dir='ltr'><strong>fecissem,</strong></span> <span class='ocrx_word' id='word_1_201' title='bbox 643 2267 674 2329; x_wconf 87' lang='lat' dir='ltr'><strong>in</strong></span> <span class='ocrx_word' id='word_1_202' title='bbox 692 2273 789 2329; x_wconf 79' lang='lat' dir='ltr'><strong>vestm</strong></span> <span class='ocrx_word' id='word_1_203' title='bbox 808 2269 932 2329; x_wconf 88' lang='lat' dir='ltr'><strong>amicitia</strong></span> <span class='ocrx_word' id='word_1_204' title='bbox 954 2269 1098 2328; x_wconf 85' lang='lat' dir='ltr'><strong>exercitus</strong></span> 
     </span>
     <span class='ocr_line' id='line_1_26' title="bbox 93 2348 1131 2430; baseline 0.007 -25"><span class='ocrx_word' id='word_1_205' title='bbox 93 2348 232 2410; x_wconf 76' lang='lat' dir='ltr'><strong>adivitias</strong></span> <span class='ocrx_word' id='word_1_206' title='bbox 258 2351 436 2413; x_wconf 85' lang='lat' dir='ltr'><strong>munimenta</strong></span> <span class='ocrx_word' id='word_1_207' title='bbox 448 2352 534 2429; x_wconf 81' lang='lat' dir='ltr'><strong>regni</strong></span> <span class='ocrx_word' id='word_1_208' title='bbox 564 2350 801 2415; x_wconf 85' lang='lat' dir='ltr'><strong>mebabiturum</strong></span> <span class='ocrx_word' id='word_1_209' title='bbox 835 2352 916 2425; x_wconf 84' lang='lat' dir='ltr'><strong>Quae</strong></span> <span class='ocrx_word' id='word_1_210' title='bbox 930 2369 998 2412; x_wconf 87' lang='lat' dir='ltr'><strong>cum</strong></span> <span class='ocrx_word' id='word_1_211' title='bbox 1011 2368 1131 2430; x_wconf 78' lang='lat' dir='ltr'><strong>prae-ae</strong></span> 
     </span>
     <span class='ocr_line' id='line_1_27' title="bbox 121 2433 1098 2515; baseline 0.002 -22"><span class='ocrx_word' id='word_1_212' title='bbox 121 2439 204 2510; x_wconf 86' lang='lat' dir='ltr'><strong>cepta</strong></span> <span class='ocrx_word' id='word_1_213' title='bbox 225 2436 354 2515; x_wconf 86' lang='lat' dir='ltr'><strong>parentis</strong></span> <span class='ocrx_word' id='word_1_214' title='bbox 368 2436 426 2497; x_wconf 82' lang='lat' dir='ltr'><strong>mei</strong></span> <span class='ocrx_word' id='word_1_215' title='bbox 442 2436 592 2512; x_wconf 78' lang='lat' dir='ltr'><strong>agitarem,</strong></span> <span class='ocrx_word' id='word_1_216' title='bbox 610 2433 760 2513; x_wconf 71' lang='lat' dir='ltr'><strong>iugurtha,</strong></span> <span class='ocrx_word' id='word_1_217' title='bbox 776 2437 865 2499; x_wconf 87' lang='lat' dir='ltr'><strong>bomo</strong></span> <span class='ocrx_word' id='word_1_218' title='bbox 880 2435 1010 2497; x_wconf 86' lang='lat' dir='ltr'><strong>omnium</strong></span> <span class='ocrx_word' id='word_1_219' title='bbox 1025 2452 1098 2514; x_wconf 89' lang='lat' dir='ltr'><strong>quos</strong></span> 
     </span>
     <span class='ocr_line' id='line_1_28' title="bbox 119 2516 1098 2597; baseline 0.002 -21"><span class='ocrx_word' id='word_1_220' title='bbox 119 2523 199 2576; x_wconf 88' lang='lat' dir='ltr'><strong>terra</strong></span> <span class='ocrx_word' id='word_1_221' title='bbox 214 2520 336 2579; x_wconf 83' lang='lat' dir='ltr'><strong>sustinet</strong></span> <span class='ocrx_word' id='word_1_222' title='bbox 348 2516 608 2588; x_wconf 82' lang='lat' dir='ltr'><strong>sceleratissumue,</strong></span> <span class='ocrx_word' id='word_1_223' title='bbox 625 2522 1027 2597; x_wconf 83' lang='lat' dir='ltr'><strong>contemptoimperiovcstro</strong></span> <span class='ocrx_word' id='word_1_224' title='bbox 1037 2518 1098 2579; x_wconf 88' lang='lat' dir='ltr'><strong>bla-</strong></span> 
     </span>
     <span class='ocr_line' id='line_1_29' title="bbox 119 2600 1098 2679; baseline 0.002 -21"><span class='ocrx_word' id='word_1_225' title='bbox 119 2600 240 2659; x_wconf 87' lang='lat' dir='ltr'><strong>sinissae</strong></span> <span class='ocrx_word' id='word_1_226' title='bbox 255 2617 303 2659; x_wconf 90' lang='lat' dir='ltr'><strong>me</strong></span> <span class='ocrx_word' id='word_1_227' title='bbox 317 2605 455 2677; x_wconf 85' lang='lat' dir='ltr'><strong>nepotem</strong></span> <span class='ocrx_word' id='word_1_228' title='bbox 470 2608 499 2662; x_wconf 92' lang='lat' dir='ltr'><strong>et</strong></span> <span class='ocrx_word' id='word_1_229' title='bbox 511 2605 570 2662; x_wconf 70' lang='lat' dir='ltr'><strong>hm</strong></span> <span class='ocrx_word' id='word_1_230' title='bbox 582 2603 620 2661; x_wconf 88' lang='lat' dir='ltr'><strong>ab</strong></span> <span class='ocrx_word' id='word_1_231' title='bbox 638 2604 728 2678; x_wconf 89' lang='lat' dir='ltr'><strong>stirpe</strong></span> <span class='ocrx_word' id='word_1_232' title='bbox 743 2603 856 2661; x_wconf 86' lang='lat' dir='ltr'><strong>socium</strong></span> <span class='ocrx_word' id='word_1_233' title='bbox 872 2608 960 2679; x_wconf 89' lang='lat' dir='ltr'><strong>alque</strong></span> <span class='ocrx_word' id='word_1_234' title='bbox 970 2603 1098 2661; x_wconf 89' lang='lat' dir='ltr'><strong>amicum</strong></span> 
     </span>
     <span class='ocr_line' id='line_1_30' title="bbox 119 2681 958 2764; baseline 0.005 -25"><span class='ocrx_word' id='word_1_235' title='bbox 119 2681 221 2759; x_wconf 92' lang='lat' dir='ltr'><strong>populi</strong></span> <span class='ocrx_word' id='word_1_236' title='bbox 234 2681 358 2742; x_wconf 83' lang='lat' dir='ltr'><strong>Romani</strong></span> <span class='ocrx_word' id='word_1_237' title='bbox 373 2699 465 2760; x_wconf 84' lang='lat' dir='ltr'><strong>regno</strong></span> <span class='ocrx_word' id='word_1_238' title='bbox 479 2682 662 2763; x_wconf 82' lang='lat' dir='ltr'><strong>fortunisque</strong></span> <span class='ocrx_word' id='word_1_239' title='bbox 682 2682 818 2743; x_wconf 90' lang='lat' dir='ltr'><strong>omnibus</strong></span> <span class='ocrx_word' id='word_1_240' title='bbox 839 2682 958 2764; x_wconf 80' lang='lat' dir='ltr'><strong>expulit.</strong></span> 
     </span>
    </p>

    <p class='ocr_par' dir='ltr' id='par_1_5' title="bbox 93 2766 1132 3175">
     <span class='ocr_line' id='line_1_31' title="bbox 93 2766 1132 2845; baseline 0.008 -20"><span class='ocrx_word' id='word_1_241' title='bbox 93 2774 110 2826; x_wconf 82' lang='grc'><strong><em>3</em></strong></span> <span class='ocrx_word' id='word_1_242' title='bbox 204 2766 298 2845; x_wconf 78' lang='lat' dir='ltr'><strong>Atque</strong></span> <span class='ocrx_word' id='word_1_243' title='bbox 314 2783 383 2844; x_wconf 83' lang='lat' dir='ltr'><strong>ego,</strong></span> <span class='ocrx_word' id='word_1_244' title='bbox 402 2776 500 2844; x_wconf 88' lang='lat' dir='ltr'><strong>patres</strong></span> <span class='ocrx_word' id='word_1_245' title='bbox 515 2767 685 2845; x_wconf 88' lang='lat' dir='ltr'><strong>conscripti,</strong></span> <span class='ocrx_word' id='word_1_246' title='bbox 709 2767 846 2845; x_wconf 89' lang='lat' dir='ltr'><strong>quoniam</strong></span> <span class='ocrx_word' id='word_1_247' title='bbox 861 2786 896 2828; x_wconf 92' lang='lat' dir='ltr'><strong>eo</strong></span> <span class='ocrx_word' id='word_1_248' title='bbox 913 2769 1097 2830; x_wconf 88' lang='lat' dir='ltr'><strong>miseriarum</strong></span> <span class='ocrx_word' id='word_1_249' title='bbox 1105 2791 1132 2832; x_wconf 81' lang='lat' dir='ltr'><strong>aa</strong></span> 
     </span>
     <span class='ocr_line' id='line_1_32' title="bbox 119 2849 1097 2928; baseline 0.006 -22"><span class='ocrx_word' id='word_1_250' title='bbox 119 2854 259 2908; x_wconf 81' lang='lat' dir='ltr'><strong>venturus</strong></span> <span class='ocrx_word' id='word_1_251' title='bbox 279 2866 376 2918; x_wconf 73' lang='lat' dir='ltr'><strong>mam,</strong></span> <span class='ocrx_word' id='word_1_252' title='bbox 397 2849 500 2910; x_wconf 81' lang='lat' dir='ltr'><strong>rebem</strong></span> <span class='ocrx_word' id='word_1_253' title='bbox 520 2851 617 2926; x_wconf 86' lang='lat' dir='ltr'><strong>potius</strong></span> <span class='ocrx_word' id='word_1_254' title='bbox 636 2850 674 2911; x_wconf 94' lang='lat' dir='ltr'><strong>ob</strong></span> <span class='ocrx_word' id='word_1_255' title='bbox 694 2867 761 2911; x_wconf 88' lang='lat' dir='ltr'><strong>mea</strong></span> <span class='ocrx_word' id='word_1_256' title='bbox 785 2867 873 2928; x_wconf 88' lang='lat' dir='ltr'><strong>quam</strong></span> <span class='ocrx_word' id='word_1_257' title='bbox 894 2851 931 2911; x_wconf 95' lang='lat' dir='ltr'><strong>ob</strong></span> <span class='ocrx_word' id='word_1_258' title='bbox 953 2855 1097 2913; x_wconf 86' lang='lat' dir='ltr'><strong>maiorum</strong></span> 
     </span>
     <span class='ocr_line' id='line_1_33' title="bbox 120 2928 1095 3012; baseline 0.007 -24"><span class='ocrx_word' id='word_1_259' title='bbox 120 2947 254 2990; x_wconf 90' lang='lat' dir='ltr'><strong>meorum</strong></span> <span class='ocrx_word' id='word_1_260' title='bbox 271 2928 405 2991; x_wconf 79' lang='lat' dir='ltr'><strong>benificia</strong></span> <span class='ocrx_word' id='word_1_261' title='bbox 425 2948 542 3009; x_wconf 86' lang='lat' dir='ltr'><strong>possem</strong></span> <span class='ocrx_word' id='word_1_262' title='bbox 557 2950 574 2992; x_wconf 91' lang='lat' dir='ltr'><strong>a</strong></span> <span class='ocrx_word' id='word_1_263' title='bbox 590 2933 673 2993; x_wconf 82' lang='lat' dir='ltr'><strong>robis</strong></span> <span class='ocrx_word' id='word_1_264' title='bbox 691 2931 831 2994; x_wconf 85' lang='lat' dir='ltr'><strong>auxilium</strong></span> <span class='ocrx_word' id='word_1_265' title='bbox 844 2940 955 3012; x_wconf 88' lang='lat' dir='ltr'><strong>petere,</strong></span> <span class='ocrx_word' id='word_1_266' title='bbox 978 2953 1013 2994; x_wconf 89' lang='lat' dir='ltr'><strong>ac</strong></span> <span class='ocrx_word' id='word_1_267' title='bbox 1034 2953 1095 2995; x_wconf 87' lang='lat' dir='ltr'><strong>ma·</strong></span> 
     </span>
     <span class='ocr_line' id='line_1_34' title="bbox 120 3012 1096 3097; baseline 0.005 -24"><span class='ocrx_word' id='word_1_268' title='bbox 120 3029 208 3073; x_wconf 86' lang='lat' dir='ltr'><strong>xume</strong></span> <span class='ocrx_word' id='word_1_269' title='bbox 229 3012 329 3073; x_wconf 90' lang='lat' dir='ltr'><strong>deberi</strong></span> <span class='ocrx_word' id='word_1_270' title='bbox 347 3013 420 3075; x_wconf 87' lang='lat' dir='ltr'><strong>mibi</strong></span> <span class='ocrx_word' id='word_1_271' title='bbox 432 3013 597 3077; x_wconf 83' lang='lat' dir='ltr'><strong>benificiaa</strong></span> <span class='ocrx_word' id='word_1_272' title='bbox 614 3013 723 3094; x_wconf 92' lang='lat' dir='ltr'><strong>populo</strong></span> <span class='ocrx_word' id='word_1_273' title='bbox 741 3014 883 3087; x_wconf 81' lang='lat' dir='ltr'><strong>Romano,</strong></span> <span class='ocrx_word' id='word_1_274' title='bbox 908 3017 1014 3097; x_wconf 84' lang='lat' dir='ltr'><strong>quibua</strong></span> <span class='ocrx_word' id='word_1_275' title='bbox 1036 3036 1096 3078; x_wconf 91' lang='lat' dir='ltr'><strong>non</strong></span> 
     </span>
     <span class='ocr_line' id='line_1_35' title="bbox 122 3096 1096 3175; baseline 0.002 -18"><span class='ocrx_word' id='word_1_276' title='bbox 122 3113 253 3175; x_wconf 76' lang='lat' dir='ltr'><strong>egerem,</strong></span> <span class='ocrx_word' id='word_1_277' title='bbox 275 3096 438 3159; x_wconf 89' lang='lat' dir='ltr'><strong>secundum</strong></span> <span class='ocrx_word' id='word_1_278' title='bbox 460 3116 508 3168; x_wconf 86' lang='lat' dir='ltr'><strong>ea,</strong></span> <span class='ocrx_word' id='word_1_279' title='bbox 531 3100 557 3158; x_wconf 90' lang='lat' dir='ltr'><strong>si</strong></span> <span class='ocrx_word' id='word_1_280' title='bbox 578 3097 770 3161; x_wconf 88' lang='lat' dir='ltr'><strong>desideranda</strong></span> <span class='ocrx_word' id='word_1_281' title='bbox 798 3107 898 3170; x_wconf 83' lang='lat' dir='ltr'><strong>erant,</strong></span> <span class='ocrx_word' id='word_1_282' title='bbox 927 3103 969 3161; x_wconf 91' lang='lat' dir='ltr'><strong>uti</strong></span> <span class='ocrx_word' id='word_1_283' title='bbox 992 3101 1096 3162; x_wconf 89' lang='lat' dir='ltr'><strong>debitis</strong></span> 
     </span>
    </p>

    <p class='ocr_par' dir='ltr' id='par_1_6' title="bbox 93 3179 1130 3511">
     <span class='ocr_line' id='line_1_36' title="bbox 93 3179 1130 3262; baseline 0.009 -25"><span class='ocrx_word' id='word_1_284' title='bbox 93 3188 229 3241; x_wconf 73' lang='lat' dir='ltr'><strong>tutarer.</strong></span> <span class='ocrx_word' id='word_1_285' title='bbox 263 3179 314 3242; x_wconf 88' lang='lat' dir='ltr'><strong>Set</strong></span> <span class='ocrx_word' id='word_1_286' title='bbox 334 3183 472 3259; x_wconf 82' lang='lat' dir='ltr'><strong>quoniam</strong></span> <span class='ocrx_word' id='word_1_287' title='bbox 496 3200 602 3259; x_wconf 89' lang='lat' dir='ltr'><strong>parum</strong></span> <span class='ocrx_word' id='word_1_288' title='bbox 618 3189 680 3244; x_wconf 87' lang='lat' dir='ltr'><strong>tuta</strong></span> <span class='ocrx_word' id='word_1_289' title='bbox 694 3199 748 3260; x_wconf 91' lang='lat' dir='ltr'><strong>per</strong></span> <span class='ocrx_word' id='word_1_290' title='bbox 769 3200 801 3243; x_wconf 85' lang='lat' dir='ltr'><strong>ee</strong></span> <span class='ocrx_word' id='word_1_291' title='bbox 816 3184 879 3262; x_wconf 92' lang='lat' dir='ltr'><strong>ipsa</strong></span> <span class='ocrx_word' id='word_1_292' title='bbox 897 3184 1028 3262; x_wconf 84' lang='lat' dir='ltr'><strong>probitas</strong></span> <span class='ocrx_word' id='word_1_293' title='bbox 1043 3190 1130 3253; x_wconf 78' lang='lat' dir='ltr'><strong>estse</strong></span> 
     </span>
     <span class='ocr_line' id='line_1_37' title="bbox 120 3263 1097 3343; baseline 0.004 -20"><span class='ocrx_word' id='word_1_294' title='bbox 120 3280 216 3342; x_wconf 88' lang='lat' dir='ltr'><strong>neque</strong></span> <span class='ocrx_word' id='word_1_295' title='bbox 235 3263 306 3326; x_wconf 87' lang='lat' dir='ltr'><strong>mibi</strong></span> <span class='ocrx_word' id='word_1_296' title='bbox 325 3264 357 3325; x_wconf 89' lang='lat' dir='ltr'><strong>in</strong></span> <span class='ocrx_word' id='word_1_297' title='bbox 376 3282 464 3327; x_wconf 90' lang='lat' dir='ltr'><strong>manu</strong></span> <span class='ocrx_word' id='word_1_298' title='bbox 478 3265 533 3326; x_wconf 84' lang='lat' dir='ltr'><strong>luit</strong></span> <span class='ocrx_word' id='word_1_299' title='bbox 547 3265 687 3343; x_wconf 77' lang='lat' dir='ltr'><strong>Iugurtha</strong></span> <span class='ocrx_word' id='word_1_300' title='bbox 705 3265 797 3343; x_wconf 86' lang='lat' dir='ltr'><strong>qualis</strong></span> <span class='ocrx_word' id='word_1_301' title='bbox 811 3265 896 3335; x_wconf 84' lang='lat' dir='ltr'><strong>ieret,</strong></span> <span class='ocrx_word' id='word_1_302' title='bbox 911 3266 948 3326; x_wconf 88' lang='lat' dir='ltr'><strong>ad</strong></span> <span class='ocrx_word' id='word_1_303' title='bbox 962 3283 1013 3325; x_wconf 83' lang='lat' dir='ltr'><strong>ros</strong></span> <span class='ocrx_word' id='word_1_304' title='bbox 1027 3284 1097 3327; x_wconf 91' lang='lat' dir='ltr'><strong>con·</strong></span> 
     </span>
     <span class='ocr_line' id='line_1_38' title="bbox 122 3344 1097 3428; baseline 0.006 -24"><span class='ocrx_word' id='word_1_305' title='bbox 122 3344 192 3422; x_wconf 81' lang='lat' dir='ltr'><strong>lugi,</strong></span> <span class='ocrx_word' id='word_1_306' title='bbox 208 3354 308 3424; x_wconf 89' lang='lat' dir='ltr'><strong>patres</strong></span> <span class='ocrx_word' id='word_1_307' title='bbox 322 3349 486 3426; x_wconf 84' lang='lat' dir='ltr'><strong>conscripti,</strong></span> <span class='ocrx_word' id='word_1_308' title='bbox 503 3349 618 3426; x_wconf 88' lang='lat' dir='ltr'><strong>quibus,</strong></span> <span class='ocrx_word' id='word_1_309' title='bbox 641 3348 720 3428; x_wconf 92' lang='lat' dir='ltr'><strong>quod</strong></span> <span class='ocrx_word' id='word_1_310' title='bbox 736 3349 808 3409; x_wconf 89' lang='lat' dir='ltr'><strong>mibi</strong></span> <span class='ocrx_word' id='word_1_311' title='bbox 821 3351 1029 3410; x_wconf 89' lang='lat' dir='ltr'><strong>miserrumum</strong></span> <span class='ocrx_word' id='word_1_312' title='bbox 1043 3357 1097 3420; x_wconf 88' lang='lat' dir='ltr'><strong>est,</strong></span> 
     </span>
     <span class='ocr_line' id='line_1_39' title="bbox 121 3432 705 3511; baseline 0.002 -21"><span class='ocrx_word' id='word_1_313' title='bbox 121 3444 212 3506; x_wconf 80' lang='lat' dir='ltr'><strong>cogor</strong></span> <span class='ocrx_word' id='word_1_314' title='bbox 233 3432 316 3508; x_wconf 89' lang='lat' dir='ltr'><strong>prius</strong></span> <span class='ocrx_word' id='word_1_315' title='bbox 338 3433 421 3492; x_wconf 91' lang='lat' dir='ltr'><strong>oneri</strong></span> <span class='ocrx_word' id='word_1_316' title='bbox 442 3449 529 3511; x_wconf 87' lang='lat' dir='ltr'><strong>quam</strong></span> <span class='ocrx_word' id='word_1_317' title='bbox 545 3434 611 3492; x_wconf 89' lang='lat' dir='ltr'><strong>usui</strong></span> <span class='ocrx_word' id='word_1_318' title='bbox 632 3449 705 3493; x_wconf 87' lang='lat' dir='ltr'><strong>esse.</strong></span> 
     </span>
    </p>
   </div>
   <div class='ocr_carea' id='block_1_3' title="bbox 0 0 1214 3848">
    <p class='ocr_par' dir='ltr' id='par_1_7' title="bbox 0 0 1214 3848">
     <span class='ocr_line' id='line_1_40' title="bbox 0 0 1214 3848; baseline 0 0"><span class='ocrx_word' id='word_1_319' title='bbox 0 0 1214 3848; x_wconf 95' lang='lat' dir='ltr'><strong> </strong></span> 
     </span>
    </p>
   </div>
  </div>
 </body>
</html>
