2392 3848
124 212 161 274 18
235 231 278 271 on
303 229 477 272 barsuman
499 223 736 268 oonrvnarronn
759 221 786 262 o.
806 212 848 266 35.
868 209 912 265 36.
930 210 974 264 37.

122 378 221 438 alicnis
242 375 408 437 nominibus
428 373 584 434 liberalitas
605 370 756 432 Orestillae
777 369 836 428 suis
856 366 989 442 filiaeque
1003 366 1097 442 copiis

121 459 314 538 persolveret,
333 465 378 517 set
397 457 476 534 quod
490 474 550 516 non
572 456 674 532 dignos
689 453 820 513 homines
834 448 945 509 honore
959 448 1097 507 honesta·

121 552 167 603 tos
187 541 320 603 videbam
341 558 447 616 meque
462 538 533 600 talea
551 539 719 617 suspicione
738 533 891 593 alienatum
910 548 973 591 esse
987 531 1096 591 sentie-

94 626 199 685 tbam.
219 624 281 684 lloc
299 624 416 683 nomine
432 623 500 681 satis
515 623 714 698 honestaspro
726 634 791 679 mco
807 632 876 674 casu
886 630 953 691 spes
967 612 1098 673 relicnae

94 708 266 784 sdignitatis
289 705 503 766 conservandae
523 723 586 766 sum
608 709 732 765 secutus.
772 696 861 763 Plura
881 713 948 757 cum
965 694 1120 756 scribere⁵

95 789 240 860 avellem,
262 789 424 849 nuntiatum
445 795 490 850 est
508 789 566 848 vim
586 787 657 848 mihi
676 787 783 864 parari.
825 778 910 845 Nunc
933 776 1097 836 Orestillam

122 873 283 932 conmendo
299 879 422 950 tuaeque
436 872 504 932 fidei
519 871 615 931 trado:
630 888 693 931 eam
708 869 744 929 ab
760 869 863 928 iniuria
877 860 1024 935 defendas,
1041 877 1097 943 per

120 955 229 1015 liberos
250 964 316 1013 tuos
330 960 457 1028 rogatus.
493 954 622 1012 Havete!

72 1045 112 1104 36
205 1037 255 1095 Set
275 1038 338 1111 ipse
356 1051 465 1111 paucos
485 1033 547 1093 dies
569 1038 753 1092 conmoratus
775 1029 852 1105 apud
872 1029 905 1089 G.
921 1028 1096 1088 Flaminium

122 1116 353 1199 [Flammam]ln
364 1135 435 1194 agro
446 1116 590 1183 Arretino,
598 1115 666 1174 dum
680 1113 851 1172 vicinitatem
866 1118 948 1172 antea
960 1109 1094 1171 sollicita·
1104 1127 1130 1166 ro

122 1210 181 1258 tam
198 1200 286 1258 armis
308 1205 441 1265 exornat,
464 1216 530 1257 cum
548 1196 674 1256 fascibus
693 1201 779 1273 atque
793 1195 1094 1273 aliisimperiinsigni·

96 1282 221 1345 abusio
243 1288 337 1340 castra
351 1279 387 1339 ad
401 1280 538 1340 llanlium
557 1279 712 1340 contendit.
743 1279 822 1339 llaec
836 1276 886 1337 ubi
900 1276 1010 1337 Romae
1025 1294 1094 1336 con-

120 1370 204 1440 perta
222 1372 297 1432 sunt,
313 1371 429 1425 senatus
443 1361 591 1423 Catilinam
608 1369 637 1422 et
650 1360 788 1423 Manlium
804 1361 895 1421 hostis
909 1361 1029 1429 iudicat,
1046 1378 1094 1421 ce·

121 1454 202 1506 terae
215 1445 391 1508 multitudini
405 1447 480 1507 diem
494 1447 601 1514 statuit,
618 1453 684 1505 ante
699 1461 785 1522 quam
800 1445 862 1504 sine
877 1443 979 1504 fraude
993 1442 1095 1503 liceret

122 1529 158 1589 ab
173 1530 261 1589 armis
275 1531 434 1598 discedere,
454 1535 570 1607 praeter
585 1545 685 1588 rernm
701 1526 866 1602 capitalium
883 1526 1094 1585 condemnetis:
1105 1540 1129 1579 n

95 1619 272 1690 epraeterea
288 1614 431 1682 decernit,
449 1613 491 1671 uti
507 1609 641 1670 consules
656 1608 790 1669 dilectum
809 1608 943 1676 habeant,
955 1607 1095 1666 Antonius

122 1713 189 1754 cum
202 1697 331 1754 exercitu
347 1693 496 1754 Catilinam
512 1693 648 1769 persequi
663 1699 797 1759 maturet,
813 1692 913 1753 Cicero
929 1688 995 1750 urbi
1009 1705 1094 1771 prae·

122 1775 194 1835 sidio
215 1778 260 1835 sit.

97 1868 113 1915 4
206 1859 248 1918 Ea
260 1863 430 1935 tempestate
441 1856 779 1935 mihiimperiurnpopuli
793 1856 916 1917 Romani
929 1857 1020 1918 multo
1034 1873 1095 1916 ma·

123 1960 210 2002 nume
224 1940 388 2002 miserabile
406 1942 498 2000 risum
522 1948 579 2000 est:
603 1945 650 2001 cui
668 1959 734 2000 curn
757 1940 793 1998 ad
812 1956 947 1999 oceasum
970 1939 1006 1998 ab
1029 1947 1131 1998 ortuo

123 2025 191 2085 solis
205 2026 301 2084 omnia
315 2025 422 2084 domita
445 2023 533 2083 armis
547 2031 699 2099 parerent,
722 2021 800 2080 domi
816 2020 905 2079 otium
923 2027 1010 2095 atque
1025 2021 1095 2080 divi-

122 2109 193 2174 tiae,
217 2122 291 2183 quae
312 2107 405 2181 prima
420 2104 557 2163 mortales
572 2109 684 2179 putant,
704 2100 876 2170 adfluerent,
896 2101 980 2162 luere
997 2108 1095 2162 tamen

123 2190 208 2256 cives,
221 2187 270 2263 qui
283 2202 372 2262 seque
383 2202 504 2261 remque
516 2183 662 2261 publicam
677 2182 825 2242 obstinatis
836 2184 938 2243 animis
949 2185 1096 2260 perditum

96 2272 206 2331 eirent.
241 2267 372 2344 Namque
386 2266 501 2327 duobus
514 2268 606 2326 senati
621 2266 745 2327 decretis
767 2283 802 2326 ex
819 2272 898 2326 tanta
913 2265 1096 2328 multitudine

122 2369 217 2431 neque
230 2351 360 2429 praemio
374 2350 509 2411 inductus
523 2351 751 2410 coniurationem
760 2349 937 2426 patefecerat
950 2367 1045 2428 neque
1060 2369 1095 2411 ex
1105 2368 1129 2406 ao

123 2437 224 2497 castris
246 2433 381 2496 Catilinae
403 2435 556 2514 quisquam
583 2435 712 2495 omnium
738 2433 923 2494 discesserat:
948 2439 1027 2493 tanta
1053 2435 1096 2492 vis

122 2517 219 2577 morbi
240 2527 316 2584 erat,
340 2535 414 2595 quae
435 2519 477 2577 uti
497 2517 579 2576 tabes
593 2517 750 2595 plerosque
769 2517 873 2578 civium
890 2518 1001 2576 animos
1016 2518 1095 2576 inva-

73 2603 208 2663 arserat.
240 2598 341 2676 Neque
355 2597 449 2658 solum
464 2597 520 2657 illis
533 2598 627 2656 aliena
641 2613 724 2656 mens
738 2605 814 2664 erat,
837 2599 886 2674 qui
903 2599 1010 2657 conscii
1026 2615 1095 2656 con·

122 2681 270 2742 iurationis
284 2680 408 2748 lucrant,
424 2686 468 2738 set
485 2678 602 2737 omnino
613 2687 717 2738 cuncta
727 2677 828 2754 plebes
839 2694 980 2739 novarum
994 2697 1095 2740 rerum

95 2764 216 2825 astudio
236 2762 372 2824 Catilinae
391 2764 505 2838 incepta
527 2759 679 2837 probabat.
708 2760 741 2820 ld
758 2760 830 2820 adeo
844 2778 927 2822 more
943 2779 996 2823 suo
1013 2763 1127 2823 vide-oc

97 2847 208 2905 ebatur
223 2845 328 2906 lacere.
362 2844 435 2905 Nam
450 2861 566 2921 semper
586 2843 759 2911 incivitate,
783 2843 888 2919 quibus
908 2862 979 2922 opes
998 2846 1095 2907 nullae

123 2934 199 2996 sunt,
222 2925 307 2987 bonis
321 2927 449 2987 invident
460 2924 552 2986 malos
573 2923 722 2995 extollunt,
738 2932 836 2986 vetera
850 2926 939 2988 odere
953 2946 1027 2988 nova
1046 2948 1095 2990 ex·

124 3015 232 3087 optant,
257 3009 323 3070 odio
344 3027 463 3069 suarum
484 3026 584 3070 rerum
604 3009 710 3069 mutari
732 3008 829 3069 omnia
850 3010 979 3079 student,
1008 3011 1095 3072 turba

123 3101 210 3171 atque
225 3092 412 3154 seditionibus
425 3093 487 3152 sine
502 3109 572 3153 cura
587 3092 717 3160 aluntur,
733 3092 868 3169 quoniam
885 3100 997 3171 egestas
1012 3093 1096 3154 facile

97 3176 247 3236 rhabetur
264 3176 327 3236 sine
347 3176 462 3235 damno.
492 3175 542 3236 Set
556 3175 668 3238 urbana
682 3174 793 3254 plebes,
817 3193 850 3235 ea
866 3194 934 3236 vero
953 3192 1094 3253 praeceps
1103 3195 1128 3237 as

96 3268 186 3325 serat
195 3259 232 3320 de
247 3257 343 3319 multis
360 3259 465 3318 causis.
496 3258 625 3320 Primum
642 3260 780 3327 omnium,
797 3260 846 3336 qui
860 3258 969 3335 ubique
983 3257 1094 3334 probro

125 3349 210 3418 atque
224 3340 381 3420 petulantia
394 3359 530 3401 maxume
538 3340 731 3419 praestabant,
746 3343 814 3401 item
828 3339 875 3399 alii
885 3357 939 3416 per
950 3339 1094 3400 dedecore

123 3426 302 3502 patrimoniis
317 3426 436 3494 amissis,
452 3431 599 3501 postremo
614 3441 715 3485 omnes
725 3440 799 3502 quos
808 3422 948 3498 flagitium
962 3430 1011 3483 aut
1025 3424 1094 3484 faui·
