2392 3848
257 173 299 212 nu
321 171 426 212 nanno
448 170 650 214 rvavarumo
674 171 702 213 c.
725 162 769 218 95.
789 163 832 218 96.
856 163 900 218 97.
1028 155 1066 215 97

91 336 198 396 magno
213 320 341 397 equitatu
355 321 385 380 in
402 326 496 381 castra
512 320 595 388 vonit,
612 337 685 398 quos
703 320 743 380 nti
758 338 794 381 ex
810 321 891 381 latio
909 327 937 381 ot
951 340 967 381 a
983 322 1069 382 sociis

92 408 211 480 cogeret
233 402 344 465 Romae
365 402 484 464 relictus
504 410 576 463 orat.
620 404 671 464 Set
695 405 832 481 quoniam
847 421 902 463 nos
924 405 995 465 tanti
1016 405 1096 469 viria

91 501 140 545 res
160 485 323 555 admonuit,
348 487 485 546 idoneum
504 487 598 547 visum
615 493 659 547 est
674 487 710 548 de
724 494 828 548 natura
848 487 985 566 cultuque
1007 489 1069 549 eius

91 570 191 645 paucis
207 569 318 630 dicere:
337 587 434 648 neque
451 571 527 629 enlm
542 569 599 630 alio
613 569 678 631 loco
695 570 732 631 de
748 570 845 631 Sullae
859 570 950 632 rebus
965 571 1070 632 dicturi

69 668 191 711 isumus
232 659 261 713 et
280 653 312 713 L.
338 653 475 722 Sisenna,
499 660 617 731 optume
639 659 668 713 et
689 652 917 730 diligentissume
939 657 1068 716 omnium

90 736 139 812 qni
149 735 368 796 casrosdixere
386 742 578 812 persecutus,
597 753 703 814 parum
722 736 794 796 mihi
807 735 901 798 libero
920 756 972 799 ore
988 738 1069 799 locu·
1183 804 1187 809 ,

89 825 137 877 tus
153 817 277 880 videtur.

169 903 262 981 Igitur
285 902 366 964 Sulla
387 905 486 980 gentis
507 904 649 980 patriciae
672 899 781 962 nobilis
809 902 865 962 luit
886 902 996 962 familia
1019 903 1107 966 iamt

84 1003 179 1064 prope
201 987 330 1047 extincta
358 987 504 1048 maiorum
531 986 661 1064 ignaria,
689 983 796 1047 litteris
822 983 949 1046 Graecis·
971 992 1000 1045 et
1021 983 1076 1046 La·

55 1071 156 1130 rotinis
177 1071 258 1132 iuxta
272 1077 360 1149 atque
374 1070 547 1132 doctissumi
562 1069 710 1139 cruditus,
732 1069 830 1130 auimo
846 1070 971 1147 ingenti:
994 1070 1075 1148 cupi·

93 1151 147 1212 dus
166 1150 362 1230 voluptatum,
391 1157 437 1212 set
457 1150 567 1225 gloriae
589 1149 729 1228 cupidior,
749 1152 807 1210 otio
826 1150 975 1211 luxurioso
997 1169 1069 1221 osse,

93 1234 244 1295 tamenab
265 1235 388 1312 negotiis
410 1252 570 1312 numquam
584 1233 716 1310 voluptas
731 1239 893 1302 remorata,
915 1235 971 1295 nisi
993 1235 1071 1312 quod

94 1317 131 1377 de
156 1335 249 1378 uxore
274 1320 367 1394 potuit
394 1317 545 1376 honestius
573 1315 702 1377 consuli:
727 1315 870 1378 facundus
896 1316 1016 1378 callidus
1043 1325 1071 1378 ct

94 1401 219 1461 amicitia
233 1400 338 1468 facilis,
362 1399 398 1460 ad
415 1398 575 1460 simulanda
592 1416 629 1460 ac
645 1400 861 1459 dissimulanda
875 1401 991 1476 negotia
1008 1401 1070 1460 alti-

59 1505 84 1544 ro
94 1483 164 1542 tudo
176 1484 274 1562 ingeni
287 1481 478 1544 incredibilis:
495 1481 652 1543 multarum
667 1499 769 1543 rerum
783 1500 818 1542 ac
831 1501 967 1544 maxume
981 1500 1070 1559 pecu-

94 1567 159 1626 niae
175 1566 305 1645 largitor.
341 1566 435 1644 Atque
450 1564 505 1634 illi,
525 1564 699 1626 felicissumo
716 1567 846 1626 omnium
868 1572 934 1626 ante
958 1566 1096 1631 civilemo

93 1650 256 1720 victoriam,
275 1668 436 1729 numquam
456 1665 545 1726 super
566 1646 736 1709 industriam
751 1647 867 1710 fortuna
887 1649 952 1718 iuit,
974 1649 1070 1710 multi·

94 1750 151 1811 que
172 1733 340 1794 dubitavere
361 1733 464 1794 fortior
482 1749 518 1792 an
541 1730 652 1792 felicior
669 1737 760 1793 esset:
781 1750 850 1792 nam
872 1740 973 1810 postea
996 1751 1071 1811 quae

93 1815 205 1888 fecerit,
225 1817 369 1877 incertum
389 1815 495 1885 haheo,
517 1815 626 1892 pudeat
647 1833 684 1876 an
699 1816 798 1892 pigeat
810 1819 902 1896 magis
915 1817 1068 1880 disserere.

58 1917 84 1958 ao
176 1900 268 1976 Igitur
288 1899 382 1969 Sulla,
405 1901 447 1959 uti
468 1915 557 1975 supra
576 1898 759 1969 dictumest,
778 1906 933 1980 postquam
949 1903 979 1960 in
994 1901 1068 1960 diri·
1080 1912 1120 1974 96

93 2001 156 2043 cam
170 1988 257 2062 atque
272 1984 302 2043 in
324 1989 420 2044 castra
440 1982 513 2044 Mari
536 1999 603 2042 cnm
625 1982 753 2059 equitatu
768 1984 859 2052 venit,
881 1983 963 2044 rudis
984 1990 1070 2044 antea

92 2076 121 2126 ct
137 2069 257 2144 ignarus
271 2065 348 2137 belli,
364 2066 593 2128 sollertissumus
612 2065 741 2126 omniurn
755 2065 786 2125 in
800 2067 901 2143 paucis
914 2073 1069 2146 tempesta·

90 2150 169 2211 tihus
187 2151 280 2211 iactus
294 2159 347 2212 est.
385 2150 429 2215 Ad
449 2149 506 2210 hoo
520 2147 624 2208 milites
645 2146 772 2225 henigne
789 2149 950 2227 adpellare:
973 2151 1092 2216 multis2

91 2232 278 2308 rogantibus
291 2233 353 2294 aliis
364 2252 419 2311 per
433 2251 465 2293 se
484 2234 547 2310 ipse
562 2231 633 2292 dare
646 2229 795 2302 benificia,
810 2234 915 2293 invitus
926 2236 1068 2312 accipere,

57 2333 82 2374 aa
91 2321 136 2376 set
163 2332 196 2376 ea
218 2318 425 2394 properantius
449 2333 537 2394 quam
558 2331 607 2375 aes
628 2319 763 2374 mutuum
783 2314 925 2384 reddere,
949 2318 1011 2392 ipse
1033 2315 1068 2376 ab

91 2397 172 2459 nullo
197 2405 350 2477 repetere,
381 2400 473 2476 magis
495 2397 526 2459 id
542 2394 692 2464 laborare,
720 2402 754 2455 ut
774 2396 814 2456 illi
836 2415 923 2476 quam
942 2396 1071 2476 plurumi

88 2482 246 2545 deberent:
266 2485 332 2544 ioca
355 2491 443 2561 atque
458 2485 538 2545 scria
553 2500 622 2544 cum
637 2480 819 2544 humillumis
834 2500 936 2560 agero:
960 2485 992 2543 iu
1007 2493 1106 2560 ope-3

87 2566 186 2641 ribus,
210 2569 241 2629 in
264 2567 381 2646 agmine
403 2573 491 2645 atquo
514 2567 551 2627 ud
572 2565 685 2644 vigilias
706 2565 815 2627 multus
837 2567 955 2637 adesse,
979 2583 1076 2644 neque

86 2652 214 2722 interim,
238 2651 317 2730 quod
335 2669 425 2730 prava
447 2650 567 2713 ambitio
582 2649 666 2721 solet,
690 2649 818 2712 considis
839 2657 890 2712 ant
904 2651 1076 2727 cuiusquam

52 2733 159 2796 ⁸⁰honi
179 2735 288 2797 lamam
308 2735 441 2797 laedere:
472 2741 587 2796 tantum
608 2732 696 2795 modo
718 2751 814 2812 nequo
836 2733 957 2795 consilio
980 2750 1076 2809 neque

86 2836 175 2880 manu
197 2821 328 2898 priorem
351 2817 440 2879 alium
463 2820 538 2897 pati,
562 2818 720 2898 plerosquo
743 2819 922 2879 antevenire.
966 2815 1105 2886 Quihnso

83 2902 175 2964 rebus
191 2909 220 2964 ct
230 2903 343 2964 artibus
359 2902 441 2962 brevi
453 2903 546 2963 Mario
561 2902 762 2978 militibusque
774 2904 954 2963 carissumus
969 2901 1073 2962 lactus.

129 3032 134 3039 .
171 2985 208 3043 nt
222 2985 372 3061 Iugurtha,
388 2992 543 3066 postquam
555 2985 693 3063 oppidum
707 2984 827 3062 Capsam
843 2984 972 3062 aliosque
987 2984 1067 3046 locos
1077 2987 1116 3047 97

87 3067 215 3126 munitos
230 3075 259 3128 ct
280 3069 335 3129 sihi
355 3069 433 3130 utilis
448 3069 534 3131 simul
551 3077 580 3128 et
599 3082 735 3142 magnam
751 3068 905 3142 pecuniam
921 3069 1066 3137 amiserat,

53 3161 78 3202 aa
88 3148 124 3208 ad
139 3148 289 3212 Bocchum
304 3155 421 3212 nuntios
438 3154 532 3223 misit,
548 3168 636 3227 quarn
653 3149 780 3226 primum
795 3149 825 3207 in
836 3148 1000 3211 Numidiam
1017 3169 1065 3210 co-

88 3231 150 3307 pias
165 3234 336 3296 adduceret:
359 3235 452 3312 procli
467 3233 594 3296 faciundi
614 3240 730 3308 tempus
745 3231 855 3293 adesso.
901 3233 993 3305 Quem
1014 3232 1091 3294 uhic

89 3320 218 3379 cunctari
240 3321 352 3398 accepit
373 3326 401 3379 et
424 3319 545 3381 dubium
559 3315 628 3376 belli
651 3322 738 3393 atque
759 3316 839 3392 pacis
861 3317 987 3377 rationes
1005 3323 1065 3377 tra·

87 3392 174 3472 here,
198 3420 317 3474 rursus,
340 3404 381 3464 uti
401 3410 500 3473 antea,
522 3416 683 3482 proxumos
716 3399 777 3459 eins
814 3398 896 3460 donis
918 3401 1063 3479 corrupit,

154 3491 291 3553 Suunusn.
896 3503 924 3551 't
