2392 3848
278 222 320 262 nr
340 220 442 262 annuo
466 217 667 262 rvuvarnruo
689 216 717 259 c.
740 208 783 260 20.
804 207 847 258 21.
869 206 913 257 22.
1042 196 1079 254 51

106 369 150 446 gis
170 385 258 446 quam
273 367 404 428 Numidis
418 367 510 427 iratus
525 375 601 437 erat,
623 364 734 443 legatos
751 363 788 423 ad
802 362 974 440 Iugurtham
988 361 1024 421 de
1038 362 1082 421 in·

106 451 188 510 iuriis
209 456 343 529 questum
363 450 448 510 misit
472 447 529 522 Qui
545 450 659 510 tametsi
680 445 888 508 contumeliosa
899 445 976 507 dicta
990 453 1084 506 rettu-

105 532 214 611 lerant,
243 535 324 612 prius
345 541 441 593 tamen
463 533 559 594 omnia
572 533 632 612 pati
652 531 780 592 decrevit
806 547 893 608 quam
908 527 1018 589 bellum
1034 545 1082 588 su·

107 633 202 684 mere,
228 617 296 694 quia
323 621 494 693 temptatum
516 623 600 676 antea
622 631 707 675 secus
737 618 873 674 cesserat.
924 611 1026 690 Neque
1048 621 1114 673 eoo

83 699 199 774 :magis
214 698 320 775 cupido
334 698 493 776 Iugurthae
509 696 704 765 minuebatur,
723 697 830 775 qnippe
846 696 895 773 qui
910 701 1003 756 totum
1021 697 1082 755 eius

105 797 231 856 regnum
253 782 349 840 animo
370 782 428 840 iam
448 781 601 840 invaserat.
636 780 737 858 ltaque
750 795 820 846 non,
842 779 885 837 uti
906 784 1000 847 antea,
1016 793 1114 842 cuma

105 861 291 940 praedatoria
308 879 412 931 manu,
433 871 480 922 set
507 878 614 939 magno
636 863 766 922 exercitu
789 866 947 938 conparato
972 859 1082 921 bellum
1191 932 1194 937 ι

106 962 212 1022 gerere
235 946 331 1023 coepit
351 952 381 1005 et
401 952 502 1024 aperte
521 947 610 1005 totius
631 943 783 1005 Numidiae
795 943 950 1021 Imperium
972 954 1081 1022 petere.

107 1029 244 1089 Ceterum
259 1046 314 1106 qua
331 1028 489 1106 pergebat,
505 1027 587 1088 urbis
601 1043 688 1103 agros
705 1033 826 1095 vastare,
839 1027 964 1105 praedas
980 1041 1109 1104 agere:8

73 1112 165 1172 rosuis
179 1112 322 1180 animum,
346 1110 478 1172 hostibus
492 1116 638 1172 terrorem
655 1126 773 1188 augere.
803 1108 951 1171 Adherbal
973 1109 1024 1171 ubi
1039 1112 1082 1170 in·
1092 1106 1132 1173 21

107 1193 216 1271 tellegit
238 1211 273 1255 eo
294 1211 478 1271 processum,
501 1196 543 1254 uti
557 1210 682 1271 regnum
704 1202 754 1254 aut
766 1193 991 1272 relinquendum
1007 1201 1084 1255 esset

106 1283 157 1336 aut
171 1279 260 1336 armis
274 1277 468 1344 retinendum,
486 1279 652 1337 necessario
667 1279 764 1355 copias
777 1283 863 1355 parat
877 1285 906 1338 et
921 1277 1080 1354 Iugurthae

106 1360 208 1420 obvius
228 1359 370 1438 procedit.
405 1358 524 1419 Interim
546 1357 618 1420 haut
636 1358 752 1436 longea
766 1361 842 1420 mari
860 1377 954 1438 prope
975 1360 1108 1425 Cirtam2

106 1442 246 1519 oppidum
266 1443 418 1522 utriusque
441 1443 586 1503 exercitus
608 1442 740 1503 consedit
779 1449 809 1502 et
827 1442 894 1520 quia
910 1443 967 1503 diei
988 1451 1083 1504 extre·

72 1543 186 1586 :smum
208 1531 284 1595 erat,
314 1526 458 1603 proelium
479 1543 538 1585 non
558 1527 716 1605 inceptum.
762 1524 813 1585 Set
839 1524 891 1585 uhi
910 1525 1084 1605 plerumque

104 1609 198 1668 noctis
208 1611 361 1686 processit,
380 1609 507 1670 obscuro
522 1610 671 1669 etiamtum
682 1607 792 1669 lumine
805 1607 910 1669 milites
919 1609 1084 1686 Iugurthini

105 1692 189 1766 signo
201 1691 268 1750 dato
275 1698 369 1752 castra
375 1690 503 1753 hostium
515 1692 667 1753 invadunt:
680 1693 872 1752 semisonmos
884 1695 990 1771 partim
1011 1692 1084 1755 alios

106 1790 187 1833 arma
209 1775 350 1834 sumentis
371 1774 473 1851 lugant
493 1775 693 1853 funduntque:
721 1774 868 1836 Adherbal
895 1793 963 1837 cum
982 1780 1082 1858 paucis

106 1854 252 1933 equitibus
274 1855 382 1918 Cirtam
396 1857 540 1935 profugit,
562 1866 591 1917 et
610 1859 641 1918 ni
656 1857 810 1918 multitudo
826 1865 993 1935 togatorum
1012 1861 1082 1921 luis·

71 1946 162 2007 auset,
192 1956 267 2016 quae
288 1938 427 2001 Numidas
449 1941 627 2019 insequentis
655 1940 808 2001 moenibus
829 1941 995 2018 prohibuit,
1023 1960 1082 2003 uno

104 2022 150 2083 die
166 2023 242 2082 inter
259 2022 332 2083 duos
347 2040 434 2101 reges
449 2028 587 2103 coeptum
603 2029 690 2103 atque
713 2030 860 2101 patratum
875 2024 985 2086 bellum
996 2025 1081 2086 ioret.

104 2105 195 2181 igitur
213 2103 353 2182 iugurtha
375 2106 516 2187 oppidum
532 2107 726 2177 circumsedit,
741 2107 832 2168 vineis
848 2108 1037 2189 turribusque
1054 2115 1108 2174 ets

103 2188 244 2248 machinis
259 2191 388 2250 omnium
402 2206 545 2267 generum
563 2206 732 2268 expugnare
752 2190 931 2268 adgreditur,
946 2209 1081 2253 maxume

104 2272 242 2331 testinans
257 2276 373 2349 tempus
387 2271 552 2349 legatorum
567 2280 750 2350 antecapere,
767 2292 841 2352 quos
855 2280 923 2335 ante
936 2273 1081 2352 proelium

71 2354 213 2413 arfactum
235 2353 271 2412 ab
294 2352 458 2415 Adherbale
476 2353 600 2415 Romam
617 2356 721 2416 missos
747 2357 905 2416 audiverat.

188 2434 238 2494 Set
250 2443 404 2514 postquam
419 2443 537 2496 senatus
550 2436 673 2498 debello
684 2455 787 2498 eorum
801 2440 922 2517 accepit,
934 2447 995 2501 tres
1008 2440 1108 2510 adu-4

104 2517 246 2578 lescentes
260 2518 290 2577 in
306 2518 434 2579 Africam
447 2518 599 2596 legantur,
619 2521 669 2600 qui
687 2520 789 2582 ambos
805 2538 891 2600 reges
906 2523 1019 2594 adeant,
1035 2543 1080 2586 se·

104 2606 188 2659 natus
208 2601 366 2682 populique
385 2601 509 2663 llomani
532 2603 627 2664 verbis
643 2606 792 2665 nuntient:
814 2603 888 2666 velle
904 2614 934 2666 et
948 2624 1078 2678 censere,

100 2708 151 2750 eos
167 2690 204 2751 ah
226 2692 315 2751 armis
336 2690 490 2752 discedere
513 2689 565 2772 [de
585 2692 797 2751 controvorsiis
815 2693 878 2752 suis
897 2693 963 2752 iure
984 2697 1082 2772 potius
1091 2687 1133 2752 22

68 2789 186 2849 :equam
199 2771 277 2833 hello
289 2771 484 2855 disceptare]:
506 2776 547 2835 ita
559 2789 651 2850 seque
660 2772 778 2853 illisque
789 2773 909 2852 dignum
922 2793 996 2837 esse.
1025 2777 1080 2839 Le·

105 2862 163 2939 gati
177 2861 206 2920 in
222 2861 349 2922 hiricam
365 2867 545 2922 maturantes
562 2861 688 2930 veniunt,
707 2878 742 2922 eo
758 2861 851 2937 magis
866 2860 946 2937 quod
960 2859 1080 2931 llomae,

37 2941 40 2950 “
105 2944 174 3004 dum
190 2944 336 3021 proficisci
350 2951 462 3022 parant,
480 2943 516 3005 de
528 2944 640 3021 proelio
655 2943 731 3004 iacto
745 2951 774 3004 et
788 2942 1004 3023 obpugnatione
1019 2944 1080 3005 Cir·

106 3035 151 3087 tae
168 3025 354 3087 audiebatur:
370 3034 414 3087 set
428 3027 452 3087 is
465 3044 568 3087 rumor
583 3026 710 3087 clemens
724 3033 795 3086 erat.
829 3024 960 3096 Quorum
973 3027 1076 3104 lugur·
1090 3038 1107 3087 2

106 3109 156 3170 tha
171 3113 291 3186 accepta
305 3111 437 3170 oratione
452 3110 620 3185 respondit:
636 3107 691 3167 sihi
706 3125 803 3186 neque
816 3110 909 3170 maius
925 3110 1081 3189 quicquam

71 3207 202 3273 :sueque
220 3193 316 3253 carius
328 3191 501 3252 auctoritate
513 3196 633 3251 senatus
641 3208 721 3252 esse:
734 3191 770 3253 ah
778 3190 973 3252 adadescentia
994 3194 1032 3251 ita
1049 3210 1080 3253 se

105 3276 233 3344 enisum,
249 3281 282 3335 ut
295 3274 331 3335 ab
349 3280 469 3351 optumo
486 3289 602 3352 quoque
615 3271 804 3349 probaretur:
825 3275 929 3334 virtute
943 3289 1003 3332 non
1019 3291 1079 3334 ma·

104 3358 164 3419 litia
183 3356 217 3418 P.
240 3356 382 3437 Scipioni,
405 3372 519 3416 summo
540 3356 618 3424 siro,
640 3354 798 3433 placuisse:
819 3354 856 3414 ob
872 3354 989 3415 easdem
1010 3359 1080 3418 artis

105 3457 122 3500 a
143 3442 279 3520 Micipsa,
305 3455 366 3500 non
384 3439 525 3516 paenuria
538 3435 708 3507 liberorum,
729 3439 759 3499 in
772 3453 899 3514 regnum
912 3437 1094 3511 adeptam

106 3539 185 3584 esse:
208 3527 338 3584 ceterum
359 3539 417 3601 quo
437 3519 525 3602 plura
543 3519 625 3584 hene
646 3527 740 3600 atque
757 3527 889 3580 strenue
902 3518 1056 3573 recuses,
1077 3519 1149 3560 ess

938 3612 983 3666 ψ
