2392 3848
299 193 342 233 nn
360 191 464 234 annno
488 189 688 233 rvcvnrnnro
711 181 795 234 c.14.
820 183 861 234 15.
1028 170 1067 232 47

91 347 142 400 aut
163 339 242 417 apud
265 339 335 399 deos
349 336 510 398 inmortalis
531 354 633 399 rerum
647 337 841 399 humanarum
857 355 927 398 cura
943 338 1070 399 oriatur:

92 441 130 483 ne
144 421 208 492 ille,
225 424 274 502 qui
288 439 367 483 nunc
380 419 541 482 sceleribus
557 423 617 481 suis
631 421 714 483 ferox
729 432 817 500 atque
832 420 1000 498 praeclarus
1016 429 1069 490 est,

93 505 229 567 omnibus
242 504 326 567 malis
346 505 529 566 excruciatus
550 505 694 583 inpietatis
708 507 738 566 in
751 511 904 583 parentem
926 511 1071 572 nostrum,

93 591 190 649 fratris
218 590 276 650 mei
306 589 386 649 necis
414 604 606 666 meammque
634 591 819 651 miseriarum
845 589 940 664 gravis
962 605 1072 665 poenas

72 672 205 733 treddat.
453 671 455 674 ’

177 755 312 823 lamiam,
334 755 425 814 irater
440 755 537 814 auimo
550 757 808 823 meocarissume,
826 771 1002 832 quamquam
1020 753 1114 813 tibias

93 841 254 906 inmaturo,
278 843 307 896 et
326 836 405 897 unde
419 837 549 898 minume
564 837 679 907 decuit,
702 840 758 899 rita
778 845 877 914 erepta
893 844 951 904 est,
973 842 1072 897 umen

93 921 260 983 laetandum
275 920 368 997 magis
389 937 477 998 quam
497 919 654 982 dolendum
673 929 744 999 puto
766 937 866 981 casum
889 926 988 978 tuum:
1012 927 1114 980 nonae

95 1005 172 1067 enim
187 1019 326 1081 regnum,
348 1009 392 1064 set
406 1003 506 1082 fugam
521 1003 639 1064 exilium
657 1011 817 1076 egestatem
842 1011 874 1067 et
900 1004 997 1065 omnis
1019 1002 1072 1062 has

61 1104 170 1168 acquae
191 1105 239 1149 me
260 1093 398 1166 premunt
419 1104 575 1148 aerumnas
590 1105 658 1148 cum
674 1090 769 1148 anima
784 1084 869 1147 simul
884 1086 1013 1147 amisisti.
1037 1088 1075 1146 nt

95 1189 149 1250 ego
165 1171 278 1241 infelix,
294 1171 324 1230 iu
336 1176 417 1230 tanta
430 1169 505 1230 mala
521 1171 728 1248 praecipitatus
742 1190 778 1232 ex
793 1170 887 1247 patrio
905 1186 1007 1247 regno,
1025 1188 1073 1230 re·

94 1273 162 1317 rum
175 1255 372 1314 humanarum
385 1251 584 1331 spectaculum
597 1254 735 1331 praebeo,
751 1257 879 1315 incertus
895 1253 964 1331 quid
978 1270 1073 1330 agam,

94 1347 198 1400 tuasne
215 1337 335 1397 iniurias
350 1353 512 1414 persequar
529 1337 592 1414 ipse
614 1337 701 1397 auxili
716 1354 813 1414 egens,
833 1353 870 1395 an
887 1353 980 1414 reguo
1002 1355 1072 1397 ccu-

96 1419 199 1491 sulam,
211 1420 294 1481 cuius
304 1421 379 1481 ritae
389 1420 529 1498 necisque
538 1425 667 1498 potestas
678 1438 715 1481 ex
725 1419 830 1499 opibus
843 1418 944 1479 alienis
955 1420 1071 1496 pendet.

62 1517 87 1572 ιι
96 1504 213 1566 Utinam
227 1505 319 1564 emori
339 1502 464 1563 fortunis
478 1504 551 1564 meis
563 1503 704 1564 honestus
719 1505 812 1564 exitus
826 1508 912 1570 esset,
930 1520 989 1563 neu
1010 1504 1073 1563 iure
1084 1512 1118 1560 24

97 1592 281 1664 contemptus
294 1585 419 1656 viderer,
436 1588 461 1646 si
475 1586 606 1648 delessus
620 1585 704 1648 malis
719 1587 841 1647 iniuriae
855 1587 1073 1646 concessissem.

96 1671 184 1732 Nunc
202 1688 299 1749 neque
317 1671 415 1731 rivere
434 1669 517 1731 lubet
535 1688 632 1750 neque
653 1672 730 1731 mori
750 1670 819 1731 licet
840 1671 903 1730 sine
918 1668 1073 1730 dedecore.

181 1754 283 1814 Patres
300 1754 468 1830 conscripti,
486 1771 620 1832 perros,
642 1771 697 1832 per
715 1753 826 1815 liberos
841 1760 928 1832 atque
947 1754 1076 1830 parentis
1085 1755 1120 1803 25

97 1844 226 1905 cosmos,
248 1853 302 1913 per
316 1836 496 1896 maiestatem
515 1838 617 1915 populi
630 1836 763 1914 Romani,
769 1836 920 1897 subvenite
935 1836 1006 1895 mihi
1021 1837 1075 1895 mi·

64 1938 181 1990 ansero,
208 1922 247 1980 ite
271 1918 385 1978 obviam
406 1919 545 1988 iniuriae,
574 1918 662 1979 nolite
682 1920 743 1997 pati
762 1935 888 1994 regnum
912 1918 1074 1987 Numidiae,

99 2003 179 2083 quod
192 2008 322 2063 vostrum
337 2009 389 2071 est,
408 2019 463 2079 per
477 2001 573 2062 scelus
588 2009 617 2063 et
633 2003 805 2078 sanguinem
820 2000 945 2061 familiae
960 2009 1077 2061 nostrae

98 2085 270 2149 tabescere!

182 2170 340 2248 Postquam
360 2188 414 2231 rex
433 2169 522 2230 linem
542 2168 680 2246 loquendi
702 2168 783 2238 lecit,
804 2166 891 2245 legati
910 2169 1127 2246 iugurthae,15

99 2255 253 2332 largitione
262 2254 355 2330 magis
361 2271 449 2332 quam
463 2268 551 2312 causa
567 2251 642 2320 freti,
651 2254 945 2329 paucisrespondent:
957 2251 1076 2327 Hiemp-

65 2337 191 2398 usalem
213 2336 251 2396 ob
275 2337 422 2397 saevitiam
437 2353 521 2396 suam
535 2334 572 2394 ab
592 2333 725 2394 Numidis
740 2334 941 2394 interiectum:
964 2334 1077 2394 adher-

100 2419 197 2481 balem
217 2418 295 2479 ultro
321 2417 431 2479 bellum
452 2418 641 2486 inferentem,
670 2424 825 2495 postquam
854 2421 1009 2494 superatus
1031 2418 1077 2484 sit,

101 2503 186 2582 queri
207 2501 286 2579 quod
306 2502 441 2562 iniuriam
460 2500 558 2560 lacere
571 2501 761 2577 nequivisset:
785 2498 957 2577 Iugurtham
976 2499 1012 2559 ab
1034 2518 1079 2560 se·

100 2592 171 2646 natu
192 2592 309 2663 petere,
331 2602 369 2645 ue
385 2601 418 2645 se
436 2583 524 2644 alium
535 2588 680 2660 putarent,
701 2578 736 2644 a'c
753 2582 925 2644 Numantiae
947 2585 1080 2660 cognitus

93 2675 187 2738 esset,
210 2686 267 2728 neu
289 2667 378 2728 verba
398 2668 506 2727 inimici
527 2667 685 2728 antefacta
706 2683 759 2726 sua
780 2674 933 2743 ponerent.
971 2667 1106 2727 Deinde2

67 2769 93 2812 ee
102 2754 220 2833 utrique
234 2751 315 2812 curia
329 2750 528 2827 egrediuntur.
556 2749 680 2810 Senatus
695 2750 792 2809 stetim
807 2748 976 2810 consulitur.
1005 2750 1081 2810 Fau·

101 2843 181 2896 tores
202 2834 383 2912 legatorum,
410 2839 561 2911 praeterea
583 2830 729 2913 [senatus]
751 2848 856 2908 magna
878 2849 961 2908 pars,
989 2834 1080 2909 gratia

102 2919 267 2998 depravata,
284 2915 456 2979 Adherbalis
471 2916 546 2976 dicta
559 2921 757 2986 contemnere,
773 2915 932 2993 iugurthae
945 2916 1082 2975 virtutem

103 3001 243 3064 extollere
256 2999 405 3061 laudibus:
420 3001 512 3077 gratia
527 3017 612 3068 voce,
626 2999 752 3078 denique
768 2998 904 3058 omuibus
917 3000 1012 3058 modis
1027 3015 1082 3074 pro

103 3084 197 3146 alieno
213 3081 325 3144 scelere
346 3091 375 3143 et
395 3083 519 3159 flagitio,
541 3099 594 3142 sua
612 3084 695 3159 quasi
709 3098 763 3157 pro
779 3079 885 3158 gloria,
904 3081 1081 3142 nitebantur.

69 3187 94 3230 ea
103 3170 140 3230 At
154 3171 257 3230 contra
270 3167 364 3244 pauci,
382 3165 487 3244 quibus
500 3163 612 3224 bonum
628 3170 657 3224 et
667 3181 770 3224 aecum
785 3163 889 3224 divitiis
904 3167 1000 3224 carius
1010 3170 1080 3231 erat,
1092 3175 1110 3226 3

104 3250 338 3313 subveniundum
354 3246 512 3310 Adherbali
527 3255 556 3307 et
571 3245 744 3324 Hiempsalis
760 3255 886 3308 mortem
900 3265 1001 3307 serere
1020 3258 1082 3305 rtu-

105 3335 259 3396 dicandam
281 3332 446 3400 censebant,
463 3339 507 3392 set
528 3349 563 3392 ex
586 3331 721 3391 omnibus
737 3348 874 3391 maxume
889 3330 927 3389 Μ.
944 3329 1083 3390 Aemilius

105 3420 252 3488 Scaurus,
274 3419 362 3478 horno
379 3414 499 3485 nobilis,
519 3415 634 3493 inpiger
650 3414 801 3482 factiosus,
823 3412 922 3473 avidus
936 3415 1083 3491 potentiae
