2392 3848
257 208 301 249 ns
323 202 429 249 Bnnuo
451 207 652 250 rvuvnrnmo
677 206 705 249 c.
727 197 771 252 56.
792 197 835 251 st.
858 196 901 250 58.
1030 187 1069 245 73

93 357 130 415 At
150 355 207 425 ille,
231 373 305 434 quae
323 353 502 432 parabantur
517 373 534 416 a
554 356 685 433 perfugis
702 355 836 423 edoctus,
857 353 971 431 magnis
987 353 1096 416 ltine-n

93 438 175 498 ribus
187 437 335 500 Metellum
346 440 504 499 antevenit:
520 439 680 516 oppidanos
695 438 829 498 hortatur
841 437 956 497 moenia
971 435 1071 495 desen·

96 522 173 591 dant,
194 521 296 583 additis
317 522 422 582 auxilio
441 521 581 600 perfugis,
605 521 684 602 quod
709 539 800 599 genus
819 539 855 581 ex
878 521 968 597 copiis
982 519 1070 595 regis,

95 607 162 683 quia
173 604 274 667 labere
289 604 437 682 nequibat,
453 605 662 667 firmissumum
671 613 745 666 erat:
755 611 908 683 praeterea
918 601 1072 680 pollicetur

72 690 124 750 ain
145 695 278 766 tempore
299 694 396 756 semet
415 706 481 748 cum
504 690 633 749 exercitu
655 687 765 748 adfore.

178 772 221 832 lta
246 771 403 848 conpositis
427 770 517 831 rebus
543 773 573 830 in
596 771 660 830 loca
683 787 771 848 quam
796 787 933 830 maxume
960 768 1099 831 occulta3

95 854 225 923 discedit,
242 871 276 914 ac
289 860 356 932 post
370 852 458 930 paulo
474 856 623 930 cognoscit
637 853 760 914 Marium
772 872 809 914 ex
824 854 928 913 itinere
941 852 1072 911 frumen-
1155 922 1160 927 ι

94 946 187 998 tatum
208 955 275 998 cum
290 937 390 1014 paucis
407 936 576 998 cohortibus
598 937 712 998 Siccam
732 939 867 1006 missum,
890 935 968 1014 quod
991 936 1073 1011 oppi-

97 1020 166 1082 dum
187 1022 316 1099 primum
332 1022 461 1081 omnium
482 1025 549 1098 post
564 1019 671 1081 malam
691 1037 821 1098 pugnam
843 1019 880 1080 ab
898 1028 970 1095 rege
993 1017 1073 1077 deic-

62 1112 186 1169 toeerat.
216 1104 259 1164 Eo
275 1122 342 1164 oum
356 1103 476 1165 delectis
490 1103 634 1183 equitibus
651 1111 739 1165 noctu
754 1105 852 1181 pergit
870 1110 899 1164 et
915 1103 973 1162 iam
989 1112 1100 1177 egre-4

96 1188 240 1249 dientibus
253 1187 393 1248 Romanis
406 1189 437 1247 in
447 1197 532 1263 porta
546 1204 675 1264 pugnam
686 1189 768 1248 facit:
785 1187 872 1248 simul
885 1203 989 1264 magna
1003 1201 1074 1244 voce

97 1271 240 1331 Siccensis
259 1270 407 1338 hortatur,
436 1271 479 1330 uti
507 1271 635 1330 cohortis
656 1271 693 1330 ab
717 1279 801 1348 tergo
829 1270 1073 1331 circumveniant:

96 1355 244 1413 fortunam
256 1351 311 1413 illis
324 1351 469 1429 praeclari
486 1353 623 1413 facinoris
636 1371 736 1414 casum
751 1353 838 1414 dare:
859 1356 884 1413 si
898 1352 926 1412 id
940 1351 1073 1420 feceriut,

96 1444 198 1515 postea
219 1453 283 1497 sose
302 1437 332 1496 in
353 1451 461 1512 regno,
481 1434 546 1496 illos
568 1438 598 1496 in
617 1435 752 1497 libertate
766 1438 828 1496 sinc
849 1442 928 1496 metu
952 1440 1075 1494 aetatem

64 1546 87 1585 rs
98 1528 223 1581 acturos.
263 1519 305 1580 Ac
325 1521 356 1580 ni
373 1519 482 1579 Marius
503 1521 586 1597 signa
600 1519 711 1580 inferre
729 1526 815 1599 atque
830 1519 954 1579 evadere
968 1516 1103 1594 oppid05

96 1604 323 1682 properavisset,
342 1603 475 1680 profecto
497 1605 594 1664 cuncti
615 1612 666 1664 aut
686 1621 791 1681 magna
812 1619 882 1680 pars
897 1601 1075 1662 Siccensium

97 1688 185 1748 fidem
195 1687 398 1748 mutavissent:
415 1693 493 1746 tanta
503 1685 663 1748 mobilitate
674 1683 1101 1766 scseNumidaegeruntSeto

97 1769 202 1829 milites
217 1767 396 1845 Iugurthini,
419 1769 567 1847 paulisper
589 1770 625 1830 ab
646 1787 717 1847 rege
733 1771 898 1838 sustentati,
921 1778 1076 1845 postquam

97 1854 208 1914 maiore
226 1854 252 1912 vi
270 1851 369 1912 hostes
382 1859 518 1929 urguent,
540 1854 641 1930 paucis
656 1855 768 1913 amissis
781 1853 900 1931 profugi
913 1850 1075 1911 discedunt.

63 1957 88 1997 :o
181 1936 289 1995 Marius
310 1933 347 1994 ad
369 1935 487 1996 Zamam
507 1937 650 2013 pervenit.
691 1935 724 1996 Id
746 1936 899 2013 oppidum,
921 1936 951 1993 in
972 1931 1124 2007 camp057

97 2022 192 2089 situm,
215 2020 307 2096 magis
321 2036 411 2098 opere
427 2036 515 2096 quam
528 2026 632 2079 natura
646 2020 790 2080 munitum
805 2025 876 2086 erat,
892 2015 1000 2077 nullius
1014 2015 1076 2074 ido·

96 2121 169 2165 neae
188 2105 232 2163 rei
249 2119 347 2179 egens,
364 2103 453 2162 armis
474 2104 599 2182 virisque
621 2101 800 2180 opulentum.
832 2102 924 2178 Igitur
944 2097 1102 2159 Metellus2

97 2203 151 2263 pro
166 2194 300 2264 ternpore
317 2193 404 2264 atque
417 2185 483 2246 loco
497 2189 605 2263 paratis
625 2185 716 2247 rebus
732 2192 836 2247 cuncta
856 2184 972 2244 moenia
992 2199 1075 2243 excr-

98 2270 156 2330 citu
168 2269 365 2337 circumvenit,
377 2269 479 2344 legatis
485 2269 668 2346 imperatubi
679 2271 801 2347 quisque
817 2275 942 2328 curaret.
965 2265 1102 2326 Deinde3

64 2354 181 2430 assigno
204 2350 271 2411 dato
288 2352 419 2428 undiquc
440 2351 526 2410 simul
547 2351 657 2410 elamor
678 2352 781 2427 iugens
801 2352 903 2418 oritur,
925 2365 1021 2424 neque
1043 2365 1078 2405 ea

98 2453 147 2496 res
158 2434 298 2495 Numidas
311 2440 417 2494 terret:
433 2434 538 2493 intensi
553 2434 713 2511 intentique
727 2434 789 2493 siue
802 2431 929 2492 tumultu
943 2435 1076 2489 manent:

15 2566 16 2572 ,
68 2567 71 2572 .
98 2517 243 2595 proelium
266 2518 413 2594 incipitur.
461 2515 599 2585 Romani,
624 2533 680 2594 pro
700 2517 817 2594 ingenio
843 2515 976 2594 quisque,
1008 2528 1104 2590 parso

100 2602 212 2662 eminus
228 2600 333 2677 glande
348 2606 398 2660 aut
408 2598 554 2676 lapidibus
568 2615 710 2677 pugnare,
727 2599 774 2660 alii
788 2597 948 2659 succedere
963 2614 998 2656 ao
1012 2614 1077 2656 mu-

99 2703 167 2745 rum
181 2685 269 2745 modo
285 2682 444 2744 subfodere
458 2683 547 2743 modo
561 2681 647 2743 scalis
662 2683 797 2760 adgredi,
811 2699 920 2759 cupere
933 2679 1079 2758 proelium

64 2771 130 2832 aoin
151 2767 287 2827 manibus
303 2766 411 2828 lacere.
445 2765 553 2826 Contra
575 2785 609 2827 ea
625 2766 762 2845 oppidani
781 2767 811 2824 in
831 2779 992 2842 proxumos
1011 2774 1106 2824 sarab

100 2850 223 2919 volvere,
236 2849 325 2920 sudis,
337 2850 404 2927 pila,
417 2857 570 2926 praeterea
582 2851 679 2927 picem
693 2848 804 2909 sulbrre
819 2855 847 2908 et
860 2847 944 2908 taeda
959 2848 1079 2906 mixtam

100 2935 213 2995 ardenti
227 2936 352 2995 mittere.
382 2934 432 2994 Set
446 2951 485 2994 ne
500 2932 564 2993 illos
578 2933 705 3010 quidem,
722 2933 771 3010 qui
786 2931 889 3008 procul
902 2936 1105 2999 manseranto
1165 2941 1167 2945 ’

10 3022 12 3101 Ι
100 3019 188 3077 timor
203 3018 291 3076 animi
307 3018 376 3076 satis
392 3018 572 3076 muniverat:
588 3034 657 3075 nam
670 3014 827 3092 plerosque
842 3013 936 3074 iacula
949 3022 1078 3073 tormen·

73 3166 79 3171 ,
102 3103 139 3161 tis
154 3107 204 3160 aut
216 3116 305 3159 manu
322 3099 426 3158 emissa
439 3098 638 3166 vulnerabant,
658 3098 781 3175 parique
795 3096 928 3174 periculo
943 3104 987 3156 set
1004 3095 1080 3154 fama

67 3202 91 3242 :a
103 3185 198 3262 inpari
220 3182 291 3242 boni
306 3188 392 3259 atque
406 3182 501 3258 ignavi
518 3188 609 3240 arant.

185 3267 261 3328 llum
276 3264 354 3343 apud
369 3264 486 3324 Zamam
504 3265 546 3323 sic
568 3271 705 3336 certatur,
727 3264 867 3342 Iugurtha
883 3280 918 3324 cx
932 3261 1079 3338 inproviso
1090 3257 1131 3320 58

17 3406 20 3411 .
103 3359 197 3411 castra
215 3349 343 3410 hostium
358 3366 426 3408 cum
440 3363 546 3423 magna
565 3365 653 3409 manu
672 3349 795 3409 invadit:
818 3346 956 3414 remissis,
979 3345 1028 3422 qui
1049 3345 1079 3404 iu

10 3444 13 3449 '
101 3433 247 3512 praesidio
262 3443 355 3502 erant,
373 3438 402 3492 et
424 3431 520 3490 omnia
542 3433 634 3510 magis
656 3450 743 3510 quam
763 3428 907 3508 proelium
924 3434 1078 3504 expectau-
