2392 3848
172 151 229 209 100
361 171 404 211 nn
422 132 746 214 nnnno1vevnrn1no
769 172 796 214 o.
822 166 960 217 100.101.

168 314 299 376 cubitum
317 319 346 376 in
360 326 460 395 portas
479 319 608 381 cohortis
624 339 660 380 ex
675 319 851 396 legionibus,
872 336 927 396 pro
943 319 1045 380 castris
1063 319 1145 396 equi·

168 407 211 458 tes
229 417 266 459 ex
284 400 440 461 auxiliariis
454 402 584 471 mittere,
607 411 759 481 praeterea
780 402 852 462 alios
869 418 959 479 super
974 401 1080 461 vallum
1101 399 1123 479 ['

167 481 367 563 munimentis]
383 483 497 553 locare,
517 485 626 563 vigilias
644 488 707 564 ipse
721 486 892 554 cncomire,
914 492 1049 544 nontam
1070 482 1146 543 dilli-

168 565 265 626 dentia
279 567 378 628 sutura
393 585 468 645 quae
478 570 781 647 imperavisset,quam
793 570 837 629 nti
850 567 990 628 militibus
1000 582 1145 642 exaequa-

143 654 216 708 otus
233 667 301 710 cum
310 653 487 727 imperatore
499 649 582 711 labos
602 650 765 712 volentibus
779 659 864 712 esset
897 651 934 710 Et
953 668 1023 710 sane
1035 648 1169 708 Mariuss

166 731 274 809 illoque
288 732 408 812 aliisque
424 733 606 811 temporibus
620 733 797 815 [iugurthini
815 733 898 814 belli]
918 733 1033 810 pudore
1052 734 1147 807 magis

167 833 255 892 quam
274 815 351 876 malo
371 819 532 878 exercitum
553 817 723 879 coercebat:
745 818 824 898 quod
844 816 927 878 multi
941 833 995 894 per
1012 814 1146 876 anrbitio·

166 916 235 957 nem
256 900 320 959 lieri
341 900 472 970 aiebant,
496 918 565 977 pars
587 920 604 962 a
624 903 748 979 pueritia
770 908 939 962 consuetam
963 899 1100 960 duritiam
1117 908 1146 958 et

167 980 235 1050 alia,
259 1001 334 1060 quae
356 985 447 1045 ceteri
466 986 598 1045 miserias
618 992 737 1052 vocant,
757 984 896 1061 voluptati
913 982 1066 1044 babuisse:
1089 982 1146 1041 nisi

165 1074 263 1207 gamen
277 1067 456 1144 respublica
475 1069 584 1144 pariter
598 1086 632 1127 ac
647 1069 823 1127 saevissumo
829 1067 953 1144 imperio
964 1065 1040 1126 bene
1056 1073 1180 1142 atquem

186 1166 272 1209 ecore
296 1158 385 1226 gesta.

119 1232 172 1292 101
250 1233 341 1308 igitur
356 1242 460 1311 quarto
476 1234 601 1310 denique
620 1233 667 1294 die
688 1234 759 1293 haut
774 1233 862 1308 longe
883 1232 920 1292 ab
943 1232 1049 1311 oppido
1067 1231 1146 1292 Cirta

166 1315 295 1392 undique
317 1316 403 1377 simul
423 1316 623 1392 speculatores
638 1318 686 1377 citi
699 1334 764 1377 sese
779 1315 949 1384 ostendunt,
970 1333 1026 1393 qua
1042 1333 1076 1374 re
1091 1314 1145 1373 ho-

139 1401 217 1458 rstis
231 1399 333 1460 adesse
347 1399 533 1476 intellegitur.
574 1399 625 1460 Set
637 1401 704 1478 quia
722 1400 828 1460 divorsi
841 1398 999 1460 redeuntes
1021 1397 1094 1458 alius
1107 1397 1145 1458 ab

166 1481 220 1543 alia
242 1491 326 1557 parto
346 1491 432 1563 atque
447 1501 548 1544 omnes
562 1483 640 1544 idem
656 1482 872 1560 significabant,
896 1480 998 1543 consul
1015 1482 1180 1542 incertusu

168 1583 295 1644 quonam
305 1567 393 1628 modo
409 1568 501 1627 aciem
517 1568 684 1636 instrueret,
698 1564 779 1626 nullo
793 1565 896 1627 ordine
913 1569 1080 1625 conmutato
1095 1564 1146 1624 ad-

141 1651 287 1709 3vorsum
303 1652 399 1711 onmia
412 1658 532 1727 paratus
548 1649 658 1710 ibidem
668 1651 808 1726 operitur.
837 1648 880 1710 Ita
891 1648 1063 1724 Iugurtham
1077 1665 1147 1726 spes

169 1733 319 1799 frustrata,
341 1734 391 1809 qui
413 1732 511 1809 copias
531 1735 562 1792 in
583 1740 720 1811 quattuor
737 1736 827 1811 partis
847 1731 1042 1800 distribuerat,
1064 1739 1148 1791 ratus

142 1827 204 1874 sex
221 1814 355 1876 omnibus
376 1833 467 1894 aeque
487 1815 599 1894 aliquos
620 1815 657 1877 ab
671 1823 755 1893 tergo
770 1816 903 1876 hostibus
918 1822 1064 1876 venturos.
1098 1813 1147 1874 ln·

165 1901 251 1958 terim
272 1897 367 1968 Sulla,
396 1917 484 1978 quem
505 1901 635 1977 primum
655 1900 754 1960 hostes
775 1900 951 1976 adtigeram,
977 1897 1181 1958 cohortatusm

166 2001 235 2042 suos
257 1982 406 2043 turmatim
428 1991 457 2043 et
477 2001 565 2061 quam
586 2001 721 2044 maxumo
743 1982 881 2043 consertis
900 1983 983 2059 equis
1003 1983 1067 2059 ipso
1084 1979 1146 2041 alii-

166 2085 222 2144 que
233 2065 350 2126 Mauros
364 2067 513 2136 invadunt,
525 2067 615 2127 ceteri
625 2068 655 2125 iu
666 2065 730 2126 loeo
745 2075 897 2127 manentes
910 2064 947 2125 ab
959 2064 1060 2124 iaculis
1074 2067 1146 2124 emi-

164 2166 221 2207 nus
235 2150 348 2207 curiosis
363 2166 488 2225 corpora
501 2158 602 2224 tegere
624 2157 653 2208 et
669 2149 693 2206 si
708 2151 758 2226 qui
775 2151 805 2208 in
819 2165 922 2209 manus
937 2155 1077 2207 venerant
1092 2145 1146 2207 ob·

139 2239 312 2292 atruneare.
344 2229 420 2290 Dum
434 2249 469 2290 eo
484 2230 572 2290 modo
588 2233 699 2309 equites
713 2231 908 2309 proeliantur,
926 2230 1062 2295 Bocchus
1077 2247 1145 2290 cunr

164 2312 325 2392 peditibus,
348 2331 423 2392 quos
436 2312 530 2375 Volux
544 2313 619 2376 iilius
639 2315 701 2376 eius
714 2315 875 2376 adduxerat
889 2333 984 2392 noque
999 2315 1029 2373 iu
1044 2314 1179 2389 priorem

165 2415 273 2476 pugna,
290 2400 321 2458 in
332 2399 436 2459 itinere
451 2399 565 2467 morati,
581 2397 742 2467 adfuerant,
755 2409 932 2477 postremam
943 2397 1145 2458 Romanorum

140 2483 258 2542 taciem
278 2482 426 2541 invadunt.
471 2481 547 2542 Tum
566 2482 675 2541 Marius
696 2483 774 2558 apud
797 2484 908 2558 primos
926 2479 1045 2559 agebat,
1065 2480 1144 2556 quod

164 2565 205 2624 ibi
214 2563 356 2639 Iugurtha
373 2582 440 2624 cum
454 2563 597 2641 plurumis
613 2574 684 2625 erat.
714 2564 787 2625 lleiu
801 2565 925 2625 Numida
939 2565 1054 2638 cognito
1069 2563 1157 2624 Boo·

166 2647 213 2708 chi
228 2647 353 2707 adventu
372 2645 447 2706 clam
462 2665 529 2707 cum
543 2648 643 2724 paucis
657 2647 694 2707 ad
714 2648 826 2725 pedites
847 2649 1004 2708 convortit:
1027 2646 1067 2707 ibi
1088 2646 1144 2708 La·

164 2733 233 2800 tine,
255 2749 324 2791 nam
345 2730 424 2808 apud
444 2729 628 2791 Numantiam
650 2728 731 2810 loqui
750 2731 904 2800 didicerat,
927 2730 1070 2792 exclamat
1090 2746 1180 2801 nofoo

165 2826 241 2873 stros
258 2815 367 2874 frustra
387 2831 533 2890 pugnare:
551 2813 638 2891 paulo
657 2824 724 2875 ante
739 2815 863 2875 Marium
879 2832 931 2875 sua
948 2832 1038 2875 manu
1053 2816 1144 2875 iuter·

165 2899 288 2955 fectum:
307 2895 393 2955 simul
414 2895 542 2971 gladimu
563 2898 704 2971 sanguino
719 2896 840 2956 oblitum
862 2897 1032 2965 ostendere,
1056 2915 1146 2974 quem

164 2981 194 3038 in
215 2995 314 3056 pugna
333 2978 403 3039 satis
429 2978 542 3056 inpigre
564 2978 660 3038 occiso
682 2978 779 3057 pedite
803 2988 905 3039 nostro
929 2987 1142 3041 cruentaverat.

142 3063 250 3132 :Quod
271 3061 323 3123 ubi
344 3061 449 3123 milites
470 3081 626 3141 accepere,
649 3064 741 3141 magis
760 3064 910 3125 atrocitate
924 3065 968 3125 rei
986 3081 1073 3142 quarn
1086 3064 1145 3124 ilde

165 3149 248 3207 nunti
263 3155 425 3216 terrentur,
449 3146 593 3227 simulque
610 3146 729 3208 barbari
747 3150 858 3209 animos
871 3147 974 3208 tollere
989 3156 1018 3208 ot
1031 3149 1062 3206 in
1075 3163 1144 3221 per·

140 3231 263 3291 oculsos
284 3229 431 3291 Ilomanos
451 3232 547 3292 acrius
566 3232 711 3293 incedere.
751 3232 871 3310 lamque
889 3229 1007 3308 paulurn
1035 3247 1051 3288 a
1074 3227 1133 3305 luga

170 3315 300 3384 aberant,
316 3333 383 3374 cum
394 3312 474 3374 Sulla
490 3316 649 3392 profligatis
664 3318 721 3385 eis,
741 3333 815 3392 quos
830 3314 985 3375 advorsum
998 3313 1081 3384 ierat,
1095 3328 1132 3372 re

170 3398 251 3457 diens
273 3397 309 3457 ab
332 3396 422 3456 latere
439 3397 546 3458 Mauris
564 3400 696 3458 incurrit.
730 3397 865 3460 Bocchus
879 3397 976 3456 statim
992 3397 1132 3457 avertitur
