2392 3848
276 206 319 246 un
341 206 444 249 nerino
469 207 670 252 rnorurenao
693 207 719 249 c.
743 199 846 253 11.1t.
871 200 911 254 13.
1040 190 1081 250 43

102 353 210 415 scindi:
232 371 301 415 nam
320 372 373 434 per
388 373 422 416 ea
440 362 572 434 tempora
587 355 752 417 consectum
767 357 850 416 annis
866 355 1015 434 Micipsam
1030 373 1082 434 pa·

101 452 169 496 rum
184 437 281 498 animo
303 436 436 500 valuisse.
470 439 544 501 'l'mn
566 439 645 500 idem
662 437 809 538 Hiempsal
824 438 941 518 placere
962 438 1018 498 sihi
1034 449 1109 501 re·6

102 520 233 597 spondit:
256 538 325 582 nam
339 523 436 601 ipsum
457 522 539 584 illum
560 522 656 583 trihus
671 524 823 602 proxumis
844 524 927 583 annis
949 521 1083 603 [adopta-

37 601 223 683 tione]
215 621 245 664 m
266 623 392 684 reguum
412 608 589 684 pervenisse.
621 606 706 678 Quod
723 606 876 667 verbum
867 625 898 667 m
918 614 1021 685 pectus
1036 604 1109 669 lu·r

80 706 94 747 s
103 685 228 763 gurthae
247 687 332 750 altius
347 707 434 785 quam
450 692 603 769 quisquam
618 696 700 750 ratus
711 697 775 751 erat
792 690 949 751 descendit.
982 688 1109 768 laques

103 787 139 830 ex
163 789 197 830 eo
216 773 380 849 tempore
371 790 414 832 rra
437 780 467 832 et
486 779 567 832 metu
588 773 692 833 anxius
705 771 801 833 moliri
821 791 928 852 parare
944 781 1030 851 atque
1049 791 1083 832 ea

102 852 191 912 modo
207 870 274 913 cum
289 855 387 915 auimo
402 854 522 935 habere,
531 855 636 934 quihus
649 853 798 934 Hiempsal
811 874 865 934 per
881 855 980 916 dolum
998 872 1083 932 cape·

102 942 195 996 retur.
240 937 320 1008 Quae
341 937 393 999 ubi
413 939 524 999 tardius
542 939 707 1017 procedunt
724 956 821 1017 neque
841 938 949 1000 lenitur
971 939 1084 998 animus
1181 954 1184 959 ·

104 1017 197 1088 ferox,
218 1022 317 1082 statuit
338 1023 440 1101 quovis
458 1023 546 1083 modo
567 1024 716 1100 inceptum
736 1023 890 1099 perficere.

68 1125 95 1167 ro
187 1102 287 1164 Primo
309 1112 468 1176 conventu,
492 1124 579 1185 quem
600 1106 636 1166 ab
657 1105 767 1183 regulis
788 1107 897 1168 iactum
915 1123 1005 1184 supra
1022 1123 1083 1166 me·
1096 1102 1134 1162 12

103 1189 230 1258 moravi,
258 1197 380 1267 propter
403 1189 612 1250 dssenstonem
632 1189 782 1268 placuerat
803 1190 889 1251 dividi
909 1188 1085 1251 thensauros

103 1271 228 1350 finisque
239 1271 347 1348 imperi
360 1271 484 1348 singulis
495 1274 639 1337 constitui.
667 1273 768 1351 ltaque
787 1280 903 1351 tempus
924 1273 960 1334 ad
974 1281 1111 1333 utram-2

106 1372 163 1432 que
181 1371 246 1414 rem
264 1354 443 1425 decernitur,
464 1362 508 1416 set
522 1358 664 1416 maturius
680 1356 716 1416 ad
737 1359 893 1433 pecrmiam
909 1356 1085 1417 distribuen-

106 1438 182 1497 dam.
215 1436 321 1515 Reguli
334 1440 446 1499 interea
464 1440 494 1499 in
508 1436 573 1499 loca
584 1439 749 1519 propinqua
762 1439 929 1499 thensauris
941 1438 1014 1499 alius
1029 1437 1084 1498 alio

69 1538 287 1583 inconcesserc.
332 1522 382 1583 Set
404 1520 553 1600 Hiempsal
574 1524 604 1583 in
625 1522 733 1601 oppido
754 1520 904 1582 'l'hirmida
925 1522 1001 1582 forte
1024 1523 1111 1583 eiust

104 1605 192 1665 domo
212 1605 358 1676 utebatur,
382 1608 431 1685 qui
442 1623 604 1684 proxumus
615 1604 700 1666 lictor
710 1603 868 1682 lngurdae
882 1622 968 1666 carus
981 1621 1085 1681 accep·

104 1695 210 1766 tusque
224 1690 251 1749 ei
266 1706 382 1768 semper
396 1691 500 1750 iuerat.
518 1689 611 1760 Quem
625 1687 674 1749 ille
692 1706 761 1750 casu
775 1690 940 1749 ministrum
956 1687 1085 1748 oblatum

105 1772 257 1847 promissis
279 1779 382 1832 onerat
402 1771 586 1850 impellitque,
611 1774 654 1832 uti
672 1778 821 1851 tamquam
841 1789 895 1832 sua
915 1773 1012 1832 visens
1033 1770 1085 1830 do·

105 1870 187 1912 mum
203 1862 258 1923 cat,
274 1861 428 1932 portarum
442 1854 529 1915 claris
550 1854 727 1917 adrdterinas
744 1864 829 1933 paret
853 1889 888 1900 -
913 1873 981 1915 nam
1000 1871 1086 1914 verae

72 1936 144 1998 rond
162 1935 357 2035 Hiempsalem
374 1937 579 1999 referebantur
598 1971 651 2006 -,
682 1944 829 2007 ceterum,
852 1938 904 1998 uhi
923 1954 972 1996 res
985 1943 1085 2014 postu·

108 2019 192 2089 laret,
208 2037 240 2081 se
254 2023 350 2100 ipsum
365 2039 433 2082 cnm
448 2037 554 2098 magna
569 2039 659 2081 manu
672 2027 837 2082 venturum
866 2019 991 2081 Numida
1004 2036 1086 2079 man·
1075 2029 1112 2076 -4

108 2103 175 2164 data
196 2103 279 2165 brevi
299 2105 415 2166 conticit
436 2112 532 2185 atque,
549 2106 592 2166 uti
613 2104 716 2165 doctus
731 2123 774 2166 er
765 2111 802 2174 rt,
823 2111 913 2165 noctu
929 2102 1087 2179 iugurthae

90 2172 213 2248 milites
234 2189 401 2250 introducit
426 2187 481 2258 Qui
495 2190 679 2268 postquam
671 2188 822 2250 maedis
814 2205 963 2265 inrupere,
982 2184 1114 2247 divorsis

107 2286 210 2346 regem
229 2288 388 2350 quaerere,
413 2272 584 2332 dormientis
604 2270 760 2333 aliosalios
779 2271 960 2332 occursantis
977 2269 1086 2330 interii·

72 2370 98 2410 aa
108 2372 186 2424 cere,
209 2356 333 2415 scrutari
347 2353 412 2415 loca
428 2354 534 2422 abdita,
555 2354 653 2416 clausa
675 2356 839 2432 effringere,
855 2354 979 2430 strepitu
994 2359 1022 2412 et
1040 2358 1087 2410 tu·

107 2436 201 2497 multu
216 2437 312 2496 omnia
325 2438 465 2497 misceret
487 2455 554 2499 cum
574 2439 691 2499 interim
707 2436 854 2516 Hiempsal
868 2436 1016 2514 reperitur
1039 2451 1087 2494 oc·

109 2519 223 2580 crdtans
237 2536 269 2580 se
288 2517 347 2600 [iu]
364 2521 481 2597 tugurio
496 2519 627 2582 mulieris
642 2519 776 2589 anciliae,
793 2539 851 2600 quo
868 2519 949 2580 initio
968 2517 1089 2596 pavidus

108 2609 137 2663 ct
156 2605 276 2680 ignarus
292 2603 349 2664 loci
365 2605 545 2682 perhrgerat.
589 2603 730 2665 Numidae
751 2611 839 2682 caput
860 2605 936 2670 eius,
960 2602 1002 2662 uti
1018 2602 1088 2662 iussi

108 2694 206 2755 erant,
229 2687 266 2747 ad
286 2686 458 2763 Iugurtham
479 2688 620 2749 rcierunt.

73 2786 100 2828 so
194 2769 330 2830 Ceterum
347 2771 424 2830 iama
435 2771 532 2831 tantis
529 2772 656 2831 acinoris
667 2788 721 2850 per
734 2787 851 2831 omnem
866 2768 994 2829 Africam
1009 2767 1138 2828 brevil3

109 2851 287 2929 divolgatur:
310 2853 505 2914 Adherbalem
519 2856 672 2933 omnisque
690 2872 739 2933 qur
731 2852 808 2914 sub
819 2849 1089 2931 imperiollicipsae

108 2937 225 2996 lucrant
248 2944 344 2997 metus
361 2937 484 2998 invadit:
506 2937 625 2998 induas
643 2939 735 3015 partis
757 2935 910 2997 discedunt
929 2934 1088 2996 Numidae:

107 3018 208 3098 plures
221 3018 416 3080 Adherbalem
430 3028 579 3089 secuntur,
599 3029 644 3082 set
661 3020 742 3082 illum
756 3018 880 3081 alterum
894 3019 972 3081 hedo
988 3017 1089 3079 melio·

108 3120 167 3162 res.
210 3100 301 3179 Igitur
321 3101 461 3178 Iugurtha
478 3122 565 3181 quam
584 3120 735 3163 maxumas
748 3110 845 3181 potest
866 3105 964 3181 copias
987 3110 1116 3168 armatu

74 3185 192 3247 asurbis
212 3185 318 3262 partim
332 3187 360 3245 vi
382 3184 452 3247 alias
473 3185 622 3246 voluntate
643 3186 767 3263 imperio
785 3203 839 3247 suo
856 3187 994 3260 adiungit,
1011 3184 1090 3243 omni

110 3268 262 3329 Numidiae
273 3270 520 3345 imperareparat.
543 3266 700 3338 Adherbal,
718 3271 833 3330 tametsi
846 3268 969 3329 Romam
980 3266 1117 3341 legatostt

111 3352 246 3421 nriserm,
270 3352 320 3430 qui
340 3357 472 3412 senatum
496 3351 636 3412 docerent
651 3352 687 3413 de
703 3353 792 3413 caede
807 3353 905 3411 fratris
920 3355 949 3409 et
964 3348 1090 3409 fortunis

110 3434 185 3505 auis,
205 3441 304 3495 tamen
321 3434 414 3495 fretus
427 3433 610 3495 multitudine
631 3435 755 3496 militum
776 3433 899 3511 parahat
912 3434 1000 3493 armis
1019 3450 1090 3490 cou-

830 3558 833 3563 .
846 3524 1018 3568 suffla..
