2392 3848
121 208 161 264 24
265 219 308 260 os
334 216 506 260 carrnmas
529 214 776 259 conrvnarronc.
797 212 826 255 c.
847 206 891 257 48.
911 206 955 258 49.

96 377 281 429 eretractum
303 370 427 429 aiebant.
459 370 487 429 Is
507 389 573 430 cum
593 389 624 431 se
644 373 752 432 diceret
766 374 959 433 indicaturum
975 373 1011 433 de
1026 393 1095 435 con·

122 453 306 525 iuratione‚si
326 452 398 511 tides
418 452 534 530 publica
551 454 616 513 data
631 462 713 520 essct,
736 454 831 514 iussus
850 455 1000 516 aconsule
1021 475 1096 533 quae

123 537 212 595 sciret
229 532 358 602 edicere,
382 535 483 595 eadem
500 535 563 595 iere
579 554 653 614 quae
673 528 845 603 Volturcius,
868 536 904 597 de
926 539 1033 614 paratis
1051 540 1094 598 in-

123 617 232 677 cendiis
254 615 289 675 de
305 617 394 678 caede
410 616 555 677 bonorum
574 618 610 678 de
629 616 733 678 itinere
746 616 881 688 hostium,
897 626 1029 680 senatum
1043 620 1096 681 do·

123 707 184 759 oct:
199 708 350 775 praeterea
369 717 401 760 se
416 701 537 760 missum
552 719 567 760 a
583 700 619 759 ll.
636 700 753 768 Crasso,
771 702 819 779 qni
833 701 968 762 Catilinae
982 705 1119 766 nuntia-s

122 791 181 850 ret,
202 799 240 842 ne
260 799 326 841 eum
344 780 483 842 Lentulus
505 790 531 842 et
552 783 695 860 Cethegus
716 783 820 861 aliique
842 790 877 844 e'x
898 786 1096 846 coniuratione

123 864 296 941 deprehensi
323 871 481 932 terrerent,
509 882 602 943 eoque
620 866 711 943 magis
736 866 908 943 properaret
929 866 966 926 ad
991 864 1096 927 urbem

122 947 274 1013 adcedere,
294 964 350 1024 quo
369 954 397 1005 et
415 953 579 1006 ceterorum
596 948 706 1005 animos
723 948 858 1008 reliceret
877 955 905 1008 et
925 946 966 1008 illi
984 948 1095 1010 facilius

98 1038 140 1088 aa
154 1028 284 1104 periculo
299 1028 490 1106 eriperentur.
525 1026 575 1088 Set
588 1027 639 1088 ubi
653 1028 828 1106 Tarquinius
843 1026 980 1091 ¹Crassum
1001 1033 1094 1092 nomi·

121 1113 214 1179 navit,
237 1110 386 1170 bominem
402 1109 531 1171 nobileln
546 1110 688 1170 maxumis
710 1109 813 1170 divitiis
828 1112 941 1171 suriima
957 1115 1093 1191 potentia,
1105 1135 1130 1175 ro

121 1192 167 1252 alii
190 1211 254 1253 rem
275 1192 476 1252 incredibilem
498 1195 569 1261 rati,
592 1206 660 1270 par's
682 1194 795 1253 tametsi
817 1198 919 1254 v'erum
940 1197 1094 1257 existuma-

120 1275 206 1343 bant,
228 1282 325 1335 tamen
345 1275 411 1352 quia
435 1276 464 1336 in
485 1272 535 1335 tali
550 1282 682 1353 ternpore
705 1276 783 1335 tabta
802 1277 844 1336 vi's
858 1276 983 1338 bominis
1003 1280 1094 1356 magis

120 1357 256 1418 leniunda
279 1375 365 1436 quam
387 1357 556 1435 exagitanda
577 1358 742 1426 videbatur,
771 1356 903 1438 plerique
933 1360 1036 1421 Crasso
1058 1378 1093 1421 ex

121 1442 244 1519 negotiis
265 1441 383 1518 privatis
404 1440 534 1511 obnoxii,
558 1440 739 1501 conclamant
752 1440 876 1501 indicem
897 1440 1000 1503 falsum
1021 1460 1092 1510 esse,

96 1524 218 1603 odeque
242 1542 275 1584 ea
290 1542 324 1584 re
337 1522 484 1602 postulant
504 1526 546 1584 uti
566 1524 720 1583 referatur.
751 1523 851 1603 ltaque
865 1523 1033 1585 consulente
1049 1524 1092 1585 Ci-
1105 1544 1128 1581 ιε

122 1612 229 1668 ceron'e
242 1605 381 1684 frequens
394 1613 510 1666 senatus
526 1606 668 1666 decernit:
684 1606 824 1684 Tarquini
837 1604 974 1667 indicium
989 1604 1092 1666 salsum

123 1690 223 1757 videri,
247 1690 373 1765 eumque
387 1690 416 1749 in
438 1688 559 1748 u'ncnlis
578 1689 772 1759 retinendum,
791 1707 886 1767 neque
900 1689 1021 1767 amplius
1040 1707 1093 1767 po·

125 1777 256 1831 testatem
272 1762 446 1838 faciundam,
463 1771 518 1829 nisi
533 1770 569 1831 de
587 1789 621 1830 eo
635 1771 784 1840 indicaret,
802 1773 883 1831 cuius
897 1771 1017 1833 consilio
1030 1778 1093 1832 tan·

98 1860 181 1915 atam
192 1858 256 1913 rem
273 1850 349 1913 esset
361 1852 507 1913 mentitus.
530 1853 620 1914 Erant
634 1872 669 1913 co
679 1860 812 1933 ternpore
823 1855 872 1932 qui
888 1855 1094 1916 existumarent

122 1935 259 1997 indictum
280 1932 382 1996 flluda
402 1935 434 1995 P.
450 1936 589 1996 Autronio
607 1934 817 2005 machinatum,
843 1953 900 2014 quo
916 1936 1027 1997 facilius
1044 1938 1128 1999 adeo

121 2019 227 2096 pellata
243 2018 346 2079 Crasso
364 2022 417 2096 pe'r
437 2020 603 2079 societatem
621 2019 743 2095 periculi
760 2018 885 2077 relicuos
902 2016 977 2077 ilbus
991 2025 1093 2095 poten·

99 2104 164 2160 etia
185 2107 309 2175 tegeret.
321 2098 381 2159 nni
393 2100 584 2176 Tarquinium
602 2118 618 2158 a
640 2099 779 2158 Cicerone
793 2099 946 2158 inmissum
968 2099 1091 2170 aiebant,

123 2201 160 2242 ne
176 2181 296 2241 Crassus
310 2196 394 2239 more
409 2198 463 2239 suo
476 2188 611 2259 suscepto
627 2180 771 2240 malorum
786 2181 947 2258 patrocinio
962 2186 1025 2243 rem
1039 2201 1093 2261 pu-

98 2263 229 2325 bblicam
251 2261 448 2323 conturbaret.
472 2262 568 2340 lpsum
589 2262 724 2323 Crassum
740 2279 794 2340 ego
809 2266 908 2340 postea
923 2266 1093 2343 praedican-

123 2355 183 2408 tem
197 2345 300 2414 audivi,
323 2352 432 2406 tantam
445 2343 522 2405 illam
538 2345 741 2406 contumeliam
763 2344 817 2407 sibi
839 2346 875 2407 ab
892 2346 1031 2410 Cicerone
1049 2350 1092 2409 i'n·
1103 2371 1127 2407 aa

146 2432 256 2491 ositam.

72 2450 142 2575 iilp
209 2512 260 2573 Set
271 2513 379 2573 eisdem
390 2513 569 2590 temporibus
581 2513 614 2583 0.
628 2513 745 2573 Catulus
758 2522 787 2573 et
797 2514 830 2573 C.
843 2508 910 2573 Piso
921 2531 1016 2591 neque
1026 2514 1093 2590 p're·

126 2599 169 2658 cio
185 2610 281 2671 neque
298 2596 390 2669 gratia
412 2592 581 2653 Ciceronem
602 2594 742 2669 inpellere
761 2596 893 2669 quivere,
915 2594 957 2652 uti
977 2611 1031 2670 per
1045 2593 1092 2651 Al·

124 2681 153 2745 lo
174 2692 261 2755 roges
289 2684 338 2735 aut
359 2674 448 2734 aliurn
469 2670 596 2732 indicem
618 2674 650 2733 G.
674 2674 780 2733 Cacsar
798 2670 870 2732 f'also
882 2674 1090 2734 nominaretur.

100 2781 117 2827 2
143 2794 161 2831 ,Ι
217 2752 341 2830 uterque
362 2772 428 2831 cum
449 2752 498 2833 illo
520 2755 614 2829 grauis
634 2754 796 2814 inimicitias
816 2754 1004 2816 exercebant:
1024 2752 1127 2817 l‘isoao

45 2888 49 2897 ,
128 2834 311 2977 obqqnnatus
330 2836 360 2894 in
382 2832 487 2893 iudicio
507 2837 698 2913 pecuniarum
718 2837 947 2913 repetundarum
972 2847 1093 2917 propter

129 2919 176 2975 cui
197 2933 277 2974 siam
291 2914 491 2991 Transpadani
506 2916 679 2996 subplicium
691 2919 843 2987 iniustum,
865 2919 981 2980 Catulus
996 2940 1031 2982 ex
1042 2939 1092 3000 pe·

127 2998 189 3055 titio
240 2997 420 3071 pontificatus
435 2998 500 3058 odio
517 3001 660 3068 incensus,
676 3000 754 3077 quod
772 3008 900 3062 exucma
915 3010 1016 3074 aetate,
1031 3022 1092 3064 ma·

127 3098 165 3139 xu
206 3100 219 3138 s
245 3082 407 3143 lunaribus
435 3098 520 3150 usus,
546 3081 582 3141 ab
611 3080 827 3145 adulescentulo
855 3084 978 3146 Caesare
1002 3089 1092 3146 notus

101 3163 307 3224 abscesserat.
351 3164 409 3225 Res
427 3173 522 3225 autem
537 3166 702 3242 opportuna
717 3166 879 3237 ridebatur,
895 3168 973 3244 quod
993 3170 1016 3226 is
1032 3169 1091 3245 pri·
1103 3191 1126 3230 aa

126 3247 212 3305 vatim
227 3250 343 3324 egregia
352 3246 529 3315 liberalitate,
543 3247 659 3323 publice
672 3251 814 3309 maxumis
825 3249 995 3309 muneribus
1006 3264 1091 3324 gran·

99 3338 117 3386 4
129 3328 195 3388 dem
205 3331 358 3405 pecuniam
369 3327 501 3389 debebat.
526 3327 577 3390 Set
586 3328 637 3390 ubi
648 3331 796 3392 consulem
810 3331 848 3391 ad
860 3337 973 3390 mutum
984 3329 1093 3392 lacinus

125 3412 264 3491 inpellere
296 3418 458 3492 nequeunt,
493 3412 548 3489 ipsi
579 3412 742 3489 singulatim
771 3412 978 3474 circumeundo
1008 3418 1093 3493 atque
