2392 3848
275 187 316 226 nn
338 180 443 228 nanno
466 187 666 229 rvuvnrmuo
692 186 719 228 c.
744 178 784 232 17.
810 180 851 234 18.
875 181 917 235 19.
1042 173 1082 233 49

109 330 222 391 obtinet
237 332 384 393 divorsum
399 340 457 402 est,
480 340 576 413 tamen
591 337 634 395 uti
652 352 686 395 ex
702 333 784 413 libris
797 335 927 406 Punicis,
944 337 994 415 qui
1008 338 1084 415 regis

110 415 177 489 llic¹
214 414 281 491 salis
302 415 480 495 dicebantur,
503 418 726 495 interpretatum
742 417 827 489 nobis
844 425 888 489 est
907 420 1007 498 utique
1020 437 1084 491 rem

110 514 174 565 sese
210 497 299 569 abere
319 499 444 567 cultores
459 501 520 559 eius
534 507 632 579 terrae
654 506 765 578 putant,
787 517 874 579 quam
892 502 1085 578 paucissumis

110 579 212 640 dicam.
257 580 394 655 Ceterum
414 581 487 642 tides
509 584 571 643 eius
585 585 629 643 rei
647 600 738 662 penes
758 582 895 663 auctores
914 585 977 654 erit.

86 688 98 724 a
191 664 319 725 Airicam
333 663 413 733 initio
427 664 559 742 habuere
574 666 689 725 Gaetuli
703 672 732 725 ct
746 662 862 735 Libuos,
882 668 978 747 asperi
992 666 1134 729 inunt-18

108 748 196 822 tique,
213 747 277 823 quis
297 746 379 806 cibus
402 754 464 806 erat
486 765 555 807 caro
577 748 670 821 lerina
685 753 773 824 atque
790 748 872 819 humi
887 748 1027 825 pabulum
1043 754 1085 812 uti

108 827 272 903 pecoribus.
296 827 331 887 Ei
345 845 441 905 neque
456 828 587 888 moribus
604 847 700 908 neque
715 828 780 909 lege
795 837 844 889 aut
852 831 978 909 imperio
988 834 1110 894 cuius-2

108 927 195 986 quam
215 908 409 987 regebantur:
432 912 497 989 vagi
514 909 647 989 palantes
669 929 741 991 quas
761 925 821 972 uox
843 920 979 990 coegerat
1000 915 1085 989 sedes

107 991 262 1053 habebant.
305 993 356 1055 Set
375 1000 531 1073 postquam
547 996 577 1054 in
592 988 728 1075 Hispania
745 994 902 1067 llercules,
923 996 1008 1056 sicuti
1022 998 1110 1071 Atria

72 1093 97 1135 ro
106 1082 223 1154 putant,
244 1076 534 1153 interiit‚'excrcitus
553 1078 624 1145 eius,
641 1080 808 1157 conpositus
829 1078 971 1139 extrariis
992 1083 1084 1161 genti·

105 1158 178 1228 bus,
202 1160 308 1220 amisso
327 1160 403 1235 duce
419 1178 459 1237 'ac
478 1161 586 1237 passim
607 1160 705 1239 multis
725 1160 782 1221 sibi
796 1161 1084 1240 quisqueimperium

105 1241 271 1318 petentibus
289 1242 372 1303 brevi
391 1240 536 1323 dilabitur.
574 1243 618 1303 ux
641 1262 675 1304 eo
697 1261 821 1317 numero
841 1242 917 1319 bladi
930 1250 961 1304 ct
974 1244 1109 1317 ,Persael

107 1331 135 1383 et
155 1324 284 1385 Armenii
305 1325 427 1403 napibus
443 1326 473 1384 in
488 1324 788 1401 Africamtransrecti
805 1344 966 1407 prosumus
981 1337 1083 1388 nostro

105 1407 181 1467 mari
194 1406 276 1467 locos
291 1425 481 1491 occupavere,
497 1413 542 1468 set
552 1402 661 1469 Persae
675 1410 751 1489 intra
765 1404 914 1489 Oceanum
925 1411 1018 1493 magis
1044 1413 1109 1471 ei·a'>

71 1510 96 1550 sa
106 1508 163 1566 quc
178 1489 275 1553 aloem
293 1491 408 1569 pavium
423 1492 555 1551 invorsos
568 1508 624 1567 pro
639 1484 762 1633 trlrfjuriis
775 1489 921 1559 habuere,
946 1493 1013 1569 quia
1032 1511 1083 1554 ne·

106 1591 163 1650 que
184 1575 305 1651 materia
321 1575 448 1653 inagris
471 1590 568 1657 noque
595 1573 631 1634 ab
665 1574 788 1653 ,ispanis
810 1573 928 1653 emundi
949 1581 1000 1649 aut
1019 1594 1083 1650 mu·

105 1656 184 1735 lamii
200 1675 216 1716 c
255 1657 283 1717 ia
298 1664 377 1718 crat:
394 1675 476 1727 mare
490 1673 629 1737 magnum
645 1662 673 1717 et
686 1658 787 1743 ignara
802 1654 902 1737 lingua
917 1660 1084 1733 conmercia

104 1737 229 1815 prohibe
246 1746 310 1814 ant.
361 1739 396 1798 Ei
417 1738 559 1817 paulatim
589 1758 643 1819 per
670 1738 795 1823 conubia
820 1739 958 1815 Gaetulos
984 1754 1111 1804 secumo

104 1822 264 1897 miscuere,
288 1829 317 1882 et
330 1823 397 1901 quia
419 1839 506 1899 saepe
523 1828 698 1901 temptantes
712 1839 799 1899 agros
819 1820 873 1882 alia
905 1824 1010 1885 deinde
1029 1820 1109 1885 aliat

69 1902 168 1967 aoloca
185 1906 357 1986 petiverant,
380 1910 472 1981 semet
493 1905 549 1983 ipsi
567 1906 708 1987 nomadas
722 1904 913 1987 adpellarere.
948 1904 1110 1967 Ceterumss

103 1984 199 2053 adbuc
210 1987 339 2061 aedificia
353 1987 546 2069 Numidarum
561 1990 730 2067 agrestium,
746 2006 821 2077 quae
835 1988 959 2069 mapalia
976 1986 1016 2048 illi
1034 2007 1083 2048 vo·

104 2076 177 2138 cant,
195 2069 328 2147 oblonga,
345 2072 473 2139 incurvis
486 2070 628 2137 lateribus
642 2077 727 2141 tecta,
745 2073 827 2150 quasi
837 2070 954 2149 navium
966 2072 1082 2133 carinae

102 2159 178 2212 suut.
216 2150 308 2214 lledis
329 2163 427 2215 autem
448 2161 476 2214 et
497 2154 642 2216 Armeniis
656 2156 810 2223 adcessere
829 2154 937 2229 Libuos
961 2189 996 2198 —
1014 2161 1110 2239 namo

104 2237 132 2295 ei
152 2237 272 2315 propius
292 2255 374 2297 marc
395 2237 524 2298 iliricum
546 2239 707 2319 agitabant,
727 2236 841 2319 Gaetuli
862 2238 917 2298 sub
938 2236 999 2309 sole
1020 2236 1083 2298 ma·

67 2319 155 2461 mfiis,
179 2317 250 2399 baut
261 2319 368 2396 procul
388 2319 425 2379 ab
448 2320 656 2397 ardoribus-
674 2323 760 2403 eique
779 2328 893 2380 mature
909 2320 1016 2403 oppida
1030 2321 1082 2380 ha·

123 2419 209 2463 uere:
231 2402 388 2463 naurireto
405 2401 487 2479 divisi
505 2402 541 2462 ab
557 2404 694 2481 Hispania
710 2409 825 2463 mutare
838 2419 887 2481 res
900 2404 976 2477 inter
993 2420 1025 2462 se
1038 2403 1083 2463 in·

101 2485 262 2563 stituerant.
297 2482 411 2553 Nomen
429 2502 533 2544 corum
546 2480 685 2563 paulatim
698 2484 807 2567 Libuas
818 2502 996 2563 corrupere,
1013 2485 1126 2549 bar-10

102 2566 174 2627 bara
195 2566 294 2649 lingua
314 2566 432 2627 Mauros
453 2585 509 2647 pro
531 2566 622 2629 bladis
643 2568 831 2647 adpellantcs.
874 2566 926 2630 Set
944 2568 1123 2636 rcsPer·1t

100 2668 201 2710 sarum
218 2649 300 2712 brevi
317 2648 455 2713 adolevit:
477 2668 512 2711 ac
526 2659 628 2730 postca
647 2652 766 2719 nomino
783 2650 935 2727 Numidae,
959 2659 1082 2730 propter

66 2734 314 2800 mmultitudinem
333 2733 533 2811 aparentibus
546 2735 677 2817 digressi,
692 2735 852 2813 possedere
867 2752 901 2795 ea
915 2733 989 2803 loca,
1007 2753 1082 2814 quaa

99 2834 244 2893 proxuma
263 2814 436 2895 Cartbagine
457 2816 590 2878 Numidia
613 2816 784 2899 adpellatur.
829 2815 940 2891 Deinde
962 2820 1080 2897 utrique
1092 2831 1123 2880 12

101 2899 199 2960 alteris
218 2900 284 2960 lrcti
305 2900 454 2971 finitumos
476 2902 565 2961 armis
582 2908 632 2979 aut
652 2909 733 2962 metu
754 2901 809 2961 sub
823 2900 982 2979 imperium
995 2900 1082 2981 suurn

101 3000 234 3060 coegere,
256 3000 364 3045 nornen
379 2983 559 3063 gloriamque
574 2984 629 3045 sibi
644 2984 796 3053 addidere,
813 2985 905 3061 magis
920 2984 960 3051 ci,
980 2987 1029 3063 qui
1044 2985 1082 3048 ad

100 3071 234 3125 nostrum
245 3083 327 3139 marc
337 3074 551 3141 processerant,
562 3069 631 3147 quia
641 3066 749 3127 Libuos
761 3085 848 3145 quarn
860 3064 974 3128 Gaetuli
986 3069 1082 3127 minus

100 3146 240 3209 bellicosi.
266 3145 398 3229 Denique
408 3148 603 3237 diricacpars
614 3149 736 3209 inferior
746 3148 887 3228 pleraque
900 3149 938 3210 ab
950 3148 1080 3210 Numidis

51 3258 68 3293 a,
99 3245 234 3307 possessa
250 3239 303 3302 cst,
321 3216 391 3315 dcli
512 3230 550 3317 in
566 3238 684 3309 gentem
699 3251 865 3312 nomenque
875 3233 1079 3311 imperantium

100 3330 282 3376 concessere.
388 3360 400 3391 -.,

144 3456 147 3461 .
183 3396 287 3459 Postea
307 3397 351 3459 Pb
376 3390 394 3479 ,¹
533 3400 857 3479 usimpericupidinc,
881 3398 929 3459 alii
950 3398 1079 3460 multitu·
1094 3399 1130 3456 lb

154 3490 284 3565 *mansu
394 3498 399 3505 ’
515 3530 531 3543 μ
923 3500 947 3550 lu
