<?xml version="1.0" encoding="UTF-8"?>
<!DOCTYPE html PUBLIC "-//W3C//DTD XHTML 1.0 Transitional//EN"
    "http://www.w3.org/TR/xhtml1/DTD/xhtml1-transitional.dtd">
<html xmlns="http://www.w3.org/1999/xhtml" xml:lang="en" lang="en">
 <head>
  <title>
</title>
<meta http-equiv="Content-Type" content="text/html;charset=utf-8" />
  <meta name='ocr-system' content='tesseract 3.04.00' />
  <meta name='ocr-capabilities' content='ocr_page ocr_carea ocr_par ocr_line ocrx_word'/>
</head>
<body>
  <div class='ocr_page' id='page_1' title='image "./libridecatilina00sallgoog_0027.png"; bbox 0 0 2392 3848; ppageno 0'>
   <div class='ocr_carea' id='block_1_1' title="bbox 140 169 1036 240">
    <p class='ocr_par' dir='ltr' id='par_1_1' title="bbox 140 169 1036 240">
     <span class='ocr_line' id='line_1_1' title="bbox 140 169 1036 240; baseline 0.01 -9"><span class='ocrx_word' id='word_1_1' title='bbox 140 169 159 231; x_wconf 87' lang='lat'>8</span> <span class='ocrx_word' id='word_1_2' title='bbox 222 191 265 231; x_wconf 83' lang='lat' dir='ltr'>nn</span> <span class='ocrx_word' id='word_1_3' title='bbox 287 188 459 234; x_wconf 77' lang='lat' dir='ltr'>carrnrnan</span> <span class='ocrx_word' id='word_1_4' title='bbox 482 191 724 234; x_wconf 80' lang='lat' dir='ltr'>courvna&#39;rronn</span> <span class='ocrx_word' id='word_1_5' title='bbox 746 192 773 234; x_wconf 88' lang='lat' dir='ltr'>e.</span> <span class='ocrx_word' id='word_1_6' title='bbox 797 185 838 239; x_wconf 83' lang='lat'>14.</span> <span class='ocrx_word' id='word_1_7' title='bbox 862 188 906 240; x_wconf 85' lang='lat'>15.</span> <span class='ocrx_word' id='word_1_8' title='bbox 926 185 969 239; x_wconf 86' lang='lat'>16.</span> <span class='ocrx_word' id='word_1_9' title='bbox 993 188 1036 240; x_wconf 80' lang='grc'>17.</span> 
     </span>
    </p>
   </div>
   <div class='ocr_carea' id='block_1_2' title="bbox 25 341 1165 3502">
    <p class='ocr_par' dir='ltr' id='par_1_2' title="bbox 93 341 1141 992">
     <span class='ocr_line' id='line_1_2' title="bbox 141 341 1116 420; baseline 0.005 -22"><span class='ocrx_word' id='word_1_10' title='bbox 141 345 228 416; x_wconf 89' lang='lat' dir='ltr'>atque</span> <span class='ocrx_word' id='word_1_11' title='bbox 240 356 330 417; x_wconf 88' lang='lat' dir='ltr'>equos</span> <span class='ocrx_word' id='word_1_12' title='bbox 346 341 479 408; x_wconf 90' lang='lat' dir='ltr'>mercari,</span> <span class='ocrx_word' id='word_1_13' title='bbox 492 346 639 416; x_wconf 91' lang='lat' dir='ltr'>postremo</span> <span class='ocrx_word' id='word_1_14' title='bbox 653 358 748 419; x_wconf 89' lang='lat' dir='ltr'>neque</span> <span class='ocrx_word' id='word_1_15' title='bbox 764 343 892 418; x_wconf 90' lang='lat' dir='ltr'>sumptui</span> <span class='ocrx_word' id='word_1_16' title='bbox 907 359 1002 420; x_wconf 89' lang='lat' dir='ltr'>neque</span> <span class='ocrx_word' id='word_1_17' title='bbox 1017 342 1116 403; x_wconf 84' lang='lat' dir='ltr'>nrode·</span> 
     </span>
     <span class='ocr_line' id='line_1_3' title="bbox 142 422 1116 502; baseline 0.005 -22"><span class='ocrx_word' id='word_1_18' title='bbox 142 425 212 482; x_wconf 89' lang='lat' dir='ltr'>stiae</span> <span class='ocrx_word' id='word_1_19' title='bbox 227 439 298 482; x_wconf 89' lang='lat' dir='ltr'>suae</span> <span class='ocrx_word' id='word_1_20' title='bbox 312 438 443 500; x_wconf 77' lang='lat' dir='ltr'>parcere,</span> <span class='ocrx_word' id='word_1_21' title='bbox 460 423 530 482; x_wconf 86' lang='lat' dir='ltr'>dnm</span> <span class='ocrx_word' id='word_1_22' title='bbox 544 422 609 482; x_wconf 86' lang='lat' dir='ltr'>illos</span> <span class='ocrx_word' id='word_1_23' title='bbox 624 423 766 484; x_wconf 84' lang='lat' dir='ltr'>obnoxios</span> <span class='ocrx_word' id='word_1_24' title='bbox 780 425 911 502; x_wconf 78' lang='lat' dir='ltr'>fidosque</span> <span class='ocrx_word' id='word_1_25' title='bbox 927 425 981 485; x_wconf 91' lang='lat' dir='ltr'>sibi</span> <span class='ocrx_word' id='word_1_26' title='bbox 999 427 1116 487; x_wconf 85' lang='lat' dir='ltr'>iaceret.</span> 
     </span>
     <span class='ocr_line' id='line_1_4' title="bbox 116 503 1119 585; baseline 0.007 -23"><span class='ocrx_word' id='word_1_27' title='bbox 116 506 208 567; x_wconf 72' lang='lat' dir='ltr'>ascio</span> <span class='ocrx_word' id='word_1_28' title='bbox 222 506 309 566; x_wconf 89' lang='lat' dir='ltr'>luisse</span> <span class='ocrx_word' id='word_1_29' title='bbox 319 503 475 564; x_wconf 91' lang='lat' dir='ltr'>nonnullos</span> <span class='ocrx_word' id='word_1_30' title='bbox 487 507 536 583; x_wconf 92' lang='lat' dir='ltr'>qui</span> <span class='ocrx_word' id='word_1_31' title='bbox 547 508 585 566; x_wconf 91' lang='lat' dir='ltr'>ita</span> <span class='ocrx_word' id='word_1_32' title='bbox 599 509 820 578; x_wconf 83' lang='lat' dir='ltr'>existumarent,</span> <span class='ocrx_word' id='word_1_33' title='bbox 837 511 1027 579; x_wconf 89' lang='lat' dir='ltr'>iuventutem,</span> <span class='ocrx_word' id='word_1_34' title='bbox 1044 527 1119 585; x_wconf 90' lang='lat' dir='ltr'>quae</span> 
     </span>
     <span class='ocr_line' id='line_1_5' title="bbox 143 588 1119 668; baseline 0.001 -18"><span class='ocrx_word' id='word_1_35' title='bbox 143 590 262 650; x_wconf 88' lang='lat' dir='ltr'>domum</span> <span class='ocrx_word' id='word_1_36' title='bbox 284 588 420 648; x_wconf 77' lang='lat' dir='ltr'>Catilinae</span> <span class='ocrx_word' id='word_1_37' title='bbox 443 589 661 668; x_wconf 81' lang='lat' dir='ltr'>frequentabat,</span> <span class='ocrx_word' id='word_1_38' title='bbox 684 609 788 668; x_wconf 85' lang='lat' dir='ltr'>pamm</span> <span class='ocrx_word' id='word_1_39' title='bbox 811 592 932 652; x_wconf 84' lang='lat' dir='ltr'>honeste</span> <span class='ocrx_word' id='word_1_40' title='bbox 952 593 1119 667; x_wconf 81' lang='lat' dir='ltr'><strong>pudicitiam</strong></span> 
     </span>
     <span class='ocr_line' id='line_1_6' title="bbox 142 671 1141 754; baseline 0.004 -22"><span class='ocrx_word' id='word_1_41' title='bbox 142 673 293 740; x_wconf 90' lang='lat' dir='ltr'>habuisse,</span> <span class='ocrx_word' id='word_1_42' title='bbox 317 679 360 731; x_wconf 88' lang='lat' dir='ltr'>set</span> <span class='ocrx_word' id='word_1_43' title='bbox 383 691 418 732; x_wconf 87' lang='lat' dir='ltr'>ex</span> <span class='ocrx_word' id='word_1_44' title='bbox 443 671 505 732; x_wconf 92' lang='lat' dir='ltr'>aliis</span> <span class='ocrx_word' id='word_1_45' title='bbox 529 672 619 733; x_wconf 87' lang='lat' dir='ltr'>rebus</span> <span class='ocrx_word' id='word_1_46' title='bbox 641 676 748 751; x_wconf 84' lang='lat' dir='ltr'>magis,</span> <span class='ocrx_word' id='word_1_47' title='bbox 776 693 862 754; x_wconf 90' lang='lat' dir='ltr'>quam</span> <span class='ocrx_word' id='word_1_48' title='bbox 885 675 963 752; x_wconf 88' lang='lat' dir='ltr'>quod</span> <span class='ocrx_word' id='word_1_49' title='bbox 984 676 1141 753; x_wconf 85' lang='lat' dir='ltr'>cuiquams</span> 
     </span>
     <span class='ocr_line' id='line_1_7' title="bbox 93 756 1120 835; baseline 0.001 -18"><span class='ocrx_word' id='word_1_50' title='bbox 93 758 132 817; x_wconf 83' lang='lat'>15</span> <span class='ocrx_word' id='word_1_51' title='bbox 145 757 172 816; x_wconf 71' lang='lat' dir='ltr'>iel</span> <span class='ocrx_word' id='word_1_52' title='bbox 195 763 366 832; x_wconf 88' lang='lat' dir='ltr'>conpertum</span> <span class='ocrx_word' id='word_1_53' title='bbox 382 758 466 826; x_wconf 88' lang='lat' dir='ltr'>leret,</span> <span class='ocrx_word' id='word_1_54' title='bbox 487 757 560 817; x_wconf 92' lang='lat' dir='ltr'>haec</span> <span class='ocrx_word' id='word_1_55' title='bbox 580 756 655 817; x_wconf 86' lang='lat' dir='ltr'>lama</span> <span class='ocrx_word' id='word_1_56' title='bbox 671 757 794 819; x_wconf 85' lang='lat' dir='ltr'>valebat.</span> <span class='ocrx_word' id='word_1_57' title='bbox 828 759 889 818; x_wconf 90' lang='lat' dir='ltr'>lam</span> <span class='ocrx_word' id='word_1_58' title='bbox 902 759 1029 835; x_wconf 89' lang='lat' dir='ltr'>primum</span> <span class='ocrx_word' id='word_1_59' title='bbox 1049 759 1120 819; x_wconf 90' lang='lat' dir='ltr'>adu-</span> 
     </span>
     <span class='ocr_line' id='line_1_8' title="bbox 144 839 1121 919; baseline 0.004 -21"><span class='ocrx_word' id='word_1_60' title='bbox 144 841 257 900; x_wconf 90' lang='lat' dir='ltr'>lescens</span> <span class='ocrx_word' id='word_1_61' title='bbox 272 839 390 899; x_wconf 82' lang='lat' dir='ltr'>Catilina</span> <span class='ocrx_word' id='word_1_62' title='bbox 405 840 495 900; x_wconf 89' lang='lat' dir='ltr'>multa</span> <span class='ocrx_word' id='word_1_63' title='bbox 518 841 642 901; x_wconf 82' lang='lat' dir='ltr'>notanda</span> <span class='ocrx_word' id='word_1_64' title='bbox 659 847 759 919; x_wconf 92' lang='lat' dir='ltr'>stupra</span> <span class='ocrx_word' id='word_1_65' title='bbox 779 842 902 910; x_wconf 88' lang='lat' dir='ltr'>iecerat,</span> <span class='ocrx_word' id='word_1_66' title='bbox 926 860 994 902; x_wconf 93' lang='lat' dir='ltr'>cum</span> <span class='ocrx_word' id='word_1_67' title='bbox 1008 842 1121 918; x_wconf 85' lang='lat' dir='ltr'>virgine</span> 
     </span>
     <span class='ocr_line' id='line_1_9' title="bbox 144 922 1121 992; baseline 0.003 -10"><span class='ocrx_word' id='word_1_68' title='bbox 144 922 248 992; x_wconf 90' lang='lat' dir='ltr'>nobili,</span> <span class='ocrx_word' id='word_1_69' title='bbox 265 942 332 983; x_wconf 91' lang='lat' dir='ltr'>eum</span> <span class='ocrx_word' id='word_1_70' title='bbox 345 923 497 983; x_wconf 83' lang='lat' dir='ltr'>sacerdote</span> <span class='ocrx_word' id='word_1_71' title='bbox 512 923 630 990; x_wconf 79' lang='lat' dir='ltr'>Vestae,</span> <span class='ocrx_word' id='word_1_72' title='bbox 655 923 708 983; x_wconf 90' lang='lat' dir='ltr'>alia</span> <span class='ocrx_word' id='word_1_73' title='bbox 729 925 851 984; x_wconf 87' lang='lat' dir='ltr'>huiusce</span> <span class='ocrx_word' id='word_1_74' title='bbox 866 926 945 983; x_wconf 79' lang='lat' dir='ltr'>morli</span> <span class='ocrx_word' id='word_1_75' title='bbox 960 931 1061 984; x_wconf 91' lang='lat' dir='ltr'>eontra</span> <span class='ocrx_word' id='word_1_76' title='bbox 1076 927 1121 985; x_wconf 91' lang='lat' dir='ltr'>ius</span> 
     </span>
    </p>

    <p class='ocr_par' dir='ltr' id='par_1_3' title="bbox 47 1005 1160 1083">
     <span class='ocr_line' id='line_1_10' title="bbox 47 1005 1160 1083; baseline -0.002 -14"><span class='ocrx_word' id='word_1_77' title='bbox 47 1051 61 1069; x_wconf 70' lang='grc'><strong>,</strong></span> <span class='ocrx_word' id='word_1_78' title='bbox 116 1005 255 1083; x_wconf 79' lang='lat' dir='ltr'>2lasque.</span> <span class='ocrx_word' id='word_1_79' title='bbox 288 1005 440 1064; x_wconf 87' lang='lat' dir='ltr'>Postremo</span> <span class='ocrx_word' id='word_1_80' title='bbox 458 1012 560 1082; x_wconf 91' lang='lat' dir='ltr'>captus</span> <span class='ocrx_word' id='word_1_81' title='bbox 574 1023 674 1064; x_wconf 89' lang='lat' dir='ltr'>amore</span> <span class='ocrx_word' id='word_1_82' title='bbox 696 1006 829 1067; x_wconf 74' lang='lat' dir='ltr'>Aureliae</span> <span class='ocrx_word' id='word_1_83' title='bbox 847 1006 1013 1075; x_wconf 84' lang='lat' dir='ltr'>Orestillae,</span> <span class='ocrx_word' id='word_1_84' title='bbox 1038 1009 1121 1067; x_wconf 90' lang='lat' dir='ltr'>cuius</span> <span class='ocrx_word' id='word_1_85' title='bbox 1158 1076 1160 1080; x_wconf 10' lang='lat'>³</span> 
     </span>
    </p>

    <p class='ocr_par' dir='ltr' id='par_1_4' title="bbox 99 1087 1156 1500">
     <span class='ocr_line' id='line_1_11' title="bbox 144 1087 1156 1169; baseline 0.006 -21"><span class='ocrx_word' id='word_1_86' title='bbox 144 1096 261 1167; x_wconf 82' lang='lat' dir='ltr'>praeter</span> <span class='ocrx_word' id='word_1_87' title='bbox 289 1089 414 1148; x_wconf 79' lang='lat' dir='ltr'>formam</span> <span class='ocrx_word' id='word_1_88' title='bbox 442 1087 515 1148; x_wconf 88' lang='lat' dir='ltr'>nibil</span> <span class='ocrx_word' id='word_1_89' title='bbox 541 1105 680 1165; x_wconf 93' lang='lat' dir='ltr'>umquam</span> <span class='ocrx_word' id='word_1_90' title='bbox 695 1089 791 1148; x_wconf 89' lang='lat' dir='ltr'>bonus</span> <span class='ocrx_word' id='word_1_91' title='bbox 819 1088 959 1159; x_wconf 87' lang='lat' dir='ltr'>laudarit,</span> <span class='ocrx_word' id='word_1_92' title='bbox 988 1092 1067 1169; x_wconf 79' lang='lat' dir='ltr'>quorl</span> <span class='ocrx_word' id='word_1_93' title='bbox 1087 1108 1156 1153; x_wconf 82' lang='lat' dir='ltr'>earo</span> 
     </span>
     <span class='ocr_line' id='line_1_12' title="bbox 143 1170 1121 1252; baseline 0.002 -20"><span class='ocrx_word' id='word_1_94' title='bbox 143 1172 257 1233; x_wconf 91' lang='lat' dir='ltr'>nubere</span> <span class='ocrx_word' id='word_1_95' title='bbox 274 1170 314 1232; x_wconf 94' lang='lat' dir='ltr'>illi</span> <span class='ocrx_word' id='word_1_96' title='bbox 328 1170 479 1232; x_wconf 88' lang='lat' dir='ltr'>dubitabat</span> <span class='ocrx_word' id='word_1_97' title='bbox 493 1173 597 1232; x_wconf 87' lang='lat' dir='ltr'>timens</span> <span class='ocrx_word' id='word_1_98' title='bbox 612 1173 777 1249; x_wconf 83' lang='lat' dir='ltr'>privignum</span> <span class='ocrx_word' id='word_1_99' title='bbox 790 1172 922 1233; x_wconf 89' lang='lat' dir='ltr'>adultum</span> <span class='ocrx_word' id='word_1_100' title='bbox 936 1179 1045 1244; x_wconf 89' lang='lat' dir='ltr'>aetate,</span> <span class='ocrx_word' id='word_1_101' title='bbox 1067 1193 1121 1252; x_wconf 91' lang='lat' dir='ltr'>pro</span> 
     </span>
     <span class='ocr_line' id='line_1_13' title="bbox 145 1255 1122 1336; baseline 0 -20"><span class='ocrx_word' id='word_1_102' title='bbox 145 1264 225 1316; x_wconf 86' lang='lat' dir='ltr'>certo</span> <span class='ocrx_word' id='word_1_103' title='bbox 248 1255 376 1315; x_wconf 84' lang='lat' dir='ltr'>creditur</span> <span class='ocrx_word' id='word_1_104' title='bbox 390 1262 494 1316; x_wconf 90' lang='lat' dir='ltr'>necato</span> <span class='ocrx_word' id='word_1_105' title='bbox 517 1255 575 1315; x_wconf 81' lang='lat' dir='ltr'>lilio</span> <span class='ocrx_word' id='word_1_106' title='bbox 591 1273 713 1317; x_wconf 86' lang='lat' dir='ltr'>vacuam</span> <span class='ocrx_word' id='word_1_107' title='bbox 729 1257 848 1318; x_wconf 87' lang='lat' dir='ltr'>domum</span> <span class='ocrx_word' id='word_1_108' title='bbox 865 1255 994 1317; x_wconf 84' lang='lat' dir='ltr'>scelestis</span> <span class='ocrx_word' id='word_1_109' title='bbox 1014 1259 1122 1336; x_wconf 90' lang='lat' dir='ltr'>nuptiis</span> 
     </span>
     <span class='ocr_line' id='line_1_14' title="bbox 117 1336 1122 1418; baseline 0.003 -21"><span class='ocrx_word' id='word_1_110' title='bbox 117 1341 256 1399; x_wconf 71' lang='lat' dir='ltr'>slecisse.</span> <span class='ocrx_word' id='word_1_111' title='bbox 302 1336 382 1407; x_wconf 85' lang='lat' dir='ltr'>Quae</span> <span class='ocrx_word' id='word_1_112' title='bbox 405 1339 523 1417; x_wconf 89' lang='lat' dir='ltr'>quidem</span> <span class='ocrx_word' id='word_1_113' title='bbox 547 1356 596 1400; x_wconf 88' lang='lat' dir='ltr'>res</span> <span class='ocrx_word' id='word_1_114' title='bbox 617 1338 688 1399; x_wconf 92' lang='lat' dir='ltr'>mihi</span> <span class='ocrx_word' id='word_1_115' title='bbox 711 1341 740 1398; x_wconf 92' lang='lat' dir='ltr'>in</span> <span class='ocrx_word' id='word_1_116' title='bbox 761 1341 863 1418; x_wconf 90' lang='lat' dir='ltr'>primis</span> <span class='ocrx_word' id='word_1_117' title='bbox 884 1340 997 1401; x_wconf 85' lang='lat' dir='ltr'>ridetur</span> <span class='ocrx_word' id='word_1_118' title='bbox 1014 1359 1122 1402; x_wconf 89' lang='lat' dir='ltr'>caussa</span> 
     </span>
     <span class='ocr_line' id='line_1_15' title="bbox 99 1421 1123 1500; baseline 0.002 -19"><span class='ocrx_word' id='word_1_119' title='bbox 99 1421 235 1483; x_wconf 74' lang='lat' dir='ltr'>&#39;aluisse</span> <span class='ocrx_word' id='word_1_120' title='bbox 256 1423 391 1481; x_wconf 83' lang='lat' dir='ltr'>facinoris</span> <span class='ocrx_word' id='word_1_121' title='bbox 412 1423 585 1483; x_wconf 90' lang='lat' dir='ltr'>maturandi.</span> <span class='ocrx_word' id='word_1_122' title='bbox 618 1421 751 1500; x_wconf 90' lang='lat' dir='ltr'>Namque</span> <span class='ocrx_word' id='word_1_123' title='bbox 773 1426 886 1483; x_wconf 91' lang='lat' dir='ltr'>animus</span> <span class='ocrx_word' id='word_1_124' title='bbox 903 1426 1038 1500; x_wconf 84' lang='lat' dir='ltr'>inpurus,</span> <span class='ocrx_word' id='word_1_125' title='bbox 1061 1426 1123 1485; x_wconf 84' lang='lat' dir='ltr'>deis</span> 
     </span>
    </p>

    <p class='ocr_par' dir='ltr' id='par_1_5' title="bbox 98 1505 1157 1917">
     <span class='ocr_line' id='line_1_16' title="bbox 145 1505 1157 1584; baseline 0.004 -19"><span class='ocrx_word' id='word_1_126' title='bbox 145 1505 370 1584; x_wconf 88' lang='lat' dir='ltr'>hominibusque</span> <span class='ocrx_word' id='word_1_127' title='bbox 384 1505 515 1576; x_wconf 86' lang='lat' dir='ltr'>infestus,</span> <span class='ocrx_word' id='word_1_128' title='bbox 531 1505 740 1584; x_wconf 86' lang='lat' dir='ltr'>nequevigiliis</span> <span class='ocrx_word' id='word_1_129' title='bbox 756 1523 852 1584; x_wconf 89' lang='lat' dir='ltr'>noque</span> <span class='ocrx_word' id='word_1_130' title='bbox 868 1506 1013 1583; x_wconf 87' lang='lat' dir='ltr'>quietibus</span> <span class='ocrx_word' id='word_1_131' title='bbox 1028 1508 1123 1568; x_wconf 89' lang='lat' dir='ltr'>sedari</span> <span class='ocrx_word' id='word_1_132' title='bbox 1133 1528 1157 1569; x_wconf 82' lang='lat' dir='ltr'>rs</span> 
     </span>
     <span class='ocr_line' id='line_1_17' title="bbox 118 1589 1123 1667; baseline -0.001 -16"><span class='ocrx_word' id='word_1_133' title='bbox 118 1600 133 1650; x_wconf 85' lang='lat'>5</span> <span class='ocrx_word' id='word_1_134' title='bbox 145 1596 274 1667; x_wconf 90' lang='lat' dir='ltr'>poterat:</span> <span class='ocrx_word' id='word_1_135' title='bbox 292 1591 330 1649; x_wconf 90' lang='lat' dir='ltr'>ita</span> <span class='ocrx_word' id='word_1_136' title='bbox 348 1591 523 1650; x_wconf 88' lang='lat' dir='ltr'>conscientia</span> <span class='ocrx_word' id='word_1_137' title='bbox 541 1595 668 1648; x_wconf 88' lang='lat' dir='ltr'>mentem</span> <span class='ocrx_word' id='word_1_138' title='bbox 683 1591 806 1649; x_wconf 80' lang='lat' dir='ltr'>excitam</span> <span class='ocrx_word' id='word_1_139' title='bbox 818 1589 956 1649; x_wconf 88' lang='lat' dir='ltr'>vastabat.</span> <span class='ocrx_word' id='word_1_140' title='bbox 970 1589 1061 1665; x_wconf 84' lang='lat' dir='ltr'>Igitur</span> <span class='ocrx_word' id='word_1_141' title='bbox 1074 1608 1123 1650; x_wconf 90' lang='lat' dir='ltr'>eo·</span> 
     </span>
     <span class='ocr_line' id='line_1_18' title="bbox 144 1670 1124 1749; baseline 0.001 -17"><span class='ocrx_word' id='word_1_142' title='bbox 144 1673 189 1732; x_wconf 88' lang='lat' dir='ltr'>los</span> <span class='ocrx_word' id='word_1_143' title='bbox 204 1676 231 1733; x_wconf 92' lang='lat' dir='ltr'>ei</span> <span class='ocrx_word' id='word_1_144' title='bbox 246 1673 400 1749; x_wconf 80' lang='lat' dir='ltr'>exanguis,</span> <span class='ocrx_word' id='word_1_145' title='bbox 417 1672 493 1732; x_wconf 81' lang='lat' dir='ltr'>foedi</span> <span class='ocrx_word' id='word_1_146' title='bbox 508 1670 600 1741; x_wconf 90' lang='lat' dir='ltr'>oculi,</span> <span class='ocrx_word' id='word_1_147' title='bbox 622 1673 695 1732; x_wconf 87' lang='lat' dir='ltr'>citus</span> <span class='ocrx_word' id='word_1_148' title='bbox 709 1672 797 1732; x_wconf 89' lang='lat' dir='ltr'>modo</span> <span class='ocrx_word' id='word_1_149' title='bbox 812 1673 899 1732; x_wconf 82' lang='lat' dir='ltr'>nouo</span> <span class='ocrx_word' id='word_1_150' title='bbox 915 1673 1015 1733; x_wconf 89' lang='lat' dir='ltr'>tardus</span> <span class='ocrx_word' id='word_1_151' title='bbox 1031 1675 1124 1734; x_wconf 89' lang='lat' dir='ltr'>ineos·</span> 
     </span>
     <span class='ocr_line' id='line_1_19' title="bbox 98 1753 1124 1833; baseline -0.002 -15"><span class='ocrx_word' id='word_1_152' title='bbox 98 1759 136 1821; x_wconf 79' lang='grc'>16</span> <span class='ocrx_word' id='word_1_153' title='bbox 148 1774 216 1816; x_wconf 89' lang='lat' dir='ltr'>sus:</span> <span class='ocrx_word' id='word_1_154' title='bbox 239 1771 361 1833; x_wconf 90' lang='lat' dir='ltr'>prorsus</span> <span class='ocrx_word' id='word_1_155' title='bbox 383 1756 413 1815; x_wconf 91' lang='lat' dir='ltr'>in</span> <span class='ocrx_word' id='word_1_156' title='bbox 435 1756 507 1814; x_wconf 88' lang='lat' dir='ltr'>laeie</span> <span class='ocrx_word' id='word_1_157' title='bbox 521 1753 658 1833; x_wconf 80' lang='lat' dir='ltr'>voltuque</span> <span class='ocrx_word' id='word_1_158' title='bbox 670 1756 806 1816; x_wconf 89' lang='lat' dir='ltr'>vecordia</span> <span class='ocrx_word' id='word_1_159' title='bbox 824 1757 926 1817; x_wconf 88' lang='lat' dir='ltr'>inerat.</span> <span class='ocrx_word' id='word_1_160' title='bbox 960 1756 1011 1816; x_wconf 91' lang='lat' dir='ltr'>Set</span> <span class='ocrx_word' id='word_1_161' title='bbox 1024 1758 1124 1818; x_wconf 87' lang='lat' dir='ltr'>iuren-</span> 
     </span>
     <span class='ocr_line' id='line_1_20' title="bbox 147 1838 1124 1917; baseline 0.003 -19"><span class='ocrx_word' id='word_1_162' title='bbox 147 1847 254 1907; x_wconf 88' lang='lat' dir='ltr'>tutem,</span> <span class='ocrx_word' id='word_1_163' title='bbox 279 1856 381 1917; x_wconf 90' lang='lat' dir='ltr'>quam,</span> <span class='ocrx_word' id='word_1_164' title='bbox 404 1846 547 1916; x_wconf 88' lang='lat' dir='ltr'>utsupra</span> <span class='ocrx_word' id='word_1_165' title='bbox 569 1839 707 1909; x_wconf 83' lang='lat' dir='ltr'>diximus,</span> <span class='ocrx_word' id='word_1_166' title='bbox 730 1838 885 1909; x_wconf 84' lang='lat' dir='ltr'>inlexerat,</span> <span class='ocrx_word' id='word_1_167' title='bbox 912 1838 1009 1899; x_wconf 91' lang='lat' dir='ltr'>multis</span> <span class='ocrx_word' id='word_1_168' title='bbox 1028 1839 1124 1901; x_wconf 69' lang='lat' dir='ltr'>‘modis</span> 
     </span>
    </p>

    <p class='ocr_par' dir='ltr' id='par_1_6' title="bbox 25 1921 1160 2333">
     <span class='ocr_line' id='line_1_21' title="bbox 121 1921 1160 2001; baseline -0.003 -14"><span class='ocrx_word' id='word_1_169' title='bbox 121 1921 223 1987; x_wconf 72' lang='lat' dir='ltr'>amala</span> <span class='ocrx_word' id='word_1_170' title='bbox 239 1922 367 1982; x_wconf 81' lang='lat' dir='ltr'>facinora</span> <span class='ocrx_word' id='word_1_171' title='bbox 386 1921 537 1982; x_wconf 82' lang='lat' dir='ltr'>edocebat.</span> <span class='ocrx_word' id='word_1_172' title='bbox 568 1922 612 1982; x_wconf 87' lang='lat' dir='ltr'>Ex</span> <span class='ocrx_word' id='word_1_173' title='bbox 626 1921 682 1983; x_wconf 92' lang='lat' dir='ltr'>illis</span> <span class='ocrx_word' id='word_1_174' title='bbox 701 1925 781 1983; x_wconf 90' lang='lat' dir='ltr'>testis</span> <span class='ocrx_word' id='word_1_175' title='bbox 800 1925 1021 2001; x_wconf 83' lang='lat' dir='ltr'>signatoresque</span> <span class='ocrx_word' id='word_1_176' title='bbox 1037 1923 1160 1984; x_wconf 80' lang='lat' dir='ltr'>falsosro</span> 
     </span>
     <span class='ocr_line' id='line_1_22' title="bbox 148 2005 1125 2083; baseline 0 -17"><span class='ocrx_word' id='word_1_177' title='bbox 148 2006 349 2067; x_wconf 89' lang='lat' dir='ltr'>commodare:</span> <span class='ocrx_word' id='word_1_178' title='bbox 366 2006 453 2066; x_wconf 89' lang='lat' dir='ltr'>iidem</span> <span class='ocrx_word' id='word_1_179' title='bbox 468 2005 598 2066; x_wconf 82' lang='lat' dir='ltr'>fortunas</span> <span class='ocrx_word' id='word_1_180' title='bbox 612 2005 740 2083; x_wconf 90' lang='lat' dir='ltr'>pericula</span> <span class='ocrx_word' id='word_1_181' title='bbox 755 2006 820 2066; x_wconf 89' lang='lat' dir='ltr'>vilia</span> <span class='ocrx_word' id='word_1_182' title='bbox 834 2005 960 2074; x_wconf 89' lang='lat' dir='ltr'>babere,</span> <span class='ocrx_word' id='word_1_183' title='bbox 977 2012 1058 2082; x_wconf 91' lang='lat' dir='ltr'>post,</span> <span class='ocrx_word' id='word_1_184' title='bbox 1074 2006 1125 2066; x_wconf 92' lang='lat' dir='ltr'>ubi</span> 
     </span>
     <span class='ocr_line' id='line_1_23' title="bbox 25 2088 1125 2166; baseline -0.001 -16"><span class='ocrx_word' id='word_1_185' title='bbox 25 2152 28 2157; x_wconf 77' lang='grc'>,</span> <span class='ocrx_word' id='word_1_186' title='bbox 148 2107 251 2150; x_wconf 91' lang='lat' dir='ltr'>eorum</span> <span class='ocrx_word' id='word_1_187' title='bbox 273 2089 380 2148; x_wconf 85' lang='lat' dir='ltr'>lamam</span> <span class='ocrx_word' id='word_1_188' title='bbox 401 2095 488 2166; x_wconf 90' lang='lat' dir='ltr'>atque</span> <span class='ocrx_word' id='word_1_189' title='bbox 510 2089 653 2164; x_wconf 89' lang='lat' dir='ltr'>pudorem</span> <span class='ocrx_word' id='word_1_190' title='bbox 674 2089 844 2155; x_wconf 85' lang='lat' dir='ltr'>adtriverat,</span> <span class='ocrx_word' id='word_1_191' title='bbox 873 2089 985 2148; x_wconf 88' lang='lat' dir='ltr'>maiora</span> <span class='ocrx_word' id='word_1_192' title='bbox 1007 2088 1062 2149; x_wconf 92' lang='lat' dir='ltr'>alia</span> <span class='ocrx_word' id='word_1_193' title='bbox 1082 2092 1125 2149; x_wconf 93' lang='lat' dir='ltr'>in·</span> 
     </span>
     <span class='ocr_line' id='line_1_24' title="bbox 121 2171 1125 2250; baseline -0.001 -17"><span class='ocrx_word' id='word_1_194' title='bbox 121 2172 284 2250; x_wconf 74' lang='lat' dir='ltr'>sperabat:</span> <span class='ocrx_word' id='word_1_195' title='bbox 307 2173 332 2230; x_wconf 94' lang='lat' dir='ltr'>si</span> <span class='ocrx_word' id='word_1_196' title='bbox 351 2188 454 2232; x_wconf 81' lang='lat' dir='ltr'>caussa</span> <span class='ocrx_word' id='word_1_197' title='bbox 470 2171 611 2249; x_wconf 91' lang='lat' dir='ltr'>peccandi</span> <span class='ocrx_word' id='word_1_198' title='bbox 625 2172 655 2230; x_wconf 93' lang='lat' dir='ltr'>in</span> <span class='ocrx_word' id='word_1_199' title='bbox 671 2189 810 2248; x_wconf 89' lang='lat' dir='ltr'>praesens</span> <span class='ocrx_word' id='word_1_200' title='bbox 826 2172 921 2231; x_wconf 90' lang='lat' dir='ltr'>minus</span> <span class='ocrx_word' id='word_1_201' title='bbox 942 2171 1125 2250; x_wconf 87' lang='lat' dir='ltr'>subpetebat,</span> 
     </span>
     <span class='ocr_line' id='line_1_25' title="bbox 148 2255 1125 2333; baseline -0.002 -18"><span class='ocrx_word' id='word_1_202' title='bbox 148 2255 239 2316; x_wconf 91' lang='lat' dir='ltr'>nihilo</span> <span class='ocrx_word' id='word_1_203' title='bbox 267 2256 363 2316; x_wconf 91' lang='lat' dir='ltr'>minus</span> <span class='ocrx_word' id='word_1_204' title='bbox 387 2255 508 2314; x_wconf 90' lang='lat' dir='ltr'>insontis</span> <span class='ocrx_word' id='word_1_205' title='bbox 529 2255 613 2314; x_wconf 88' lang='lat' dir='ltr'>sicuti</span> <span class='ocrx_word' id='word_1_206' title='bbox 640 2256 731 2315; x_wconf 93' lang='lat' dir='ltr'>sontis</span> <span class='ocrx_word' id='word_1_207' title='bbox 752 2255 963 2316; x_wconf 88' lang='lat' dir='ltr'>circumvenire</span> <span class='ocrx_word' id='word_1_208' title='bbox 983 2256 1125 2333; x_wconf 75' lang='lat' dir='ltr'>iugulare:</span> 
     </span>
    </p>

    <p class='ocr_par' dir='ltr' id='par_1_7' title="bbox 121 2338 1161 2748">
     <span class='ocr_line' id='line_1_26' title="bbox 148 2338 1161 2418; baseline 0.002 -19"><span class='ocrx_word' id='word_1_209' title='bbox 148 2338 310 2401; x_wconf 88' lang='lat' dir='ltr'>scilicetne</span> <span class='ocrx_word' id='word_1_210' title='bbox 331 2356 385 2416; x_wconf 88' lang='lat' dir='ltr'>per</span> <span class='ocrx_word' id='word_1_211' title='bbox 404 2339 495 2398; x_wconf 88' lang='lat' dir='ltr'>otium</span> <span class='ocrx_word' id='word_1_212' title='bbox 515 2345 716 2418; x_wconf 86' lang='lat' dir='ltr'>torpescerent</span> <span class='ocrx_word' id='word_1_213' title='bbox 735 2356 839 2399; x_wconf 90' lang='lat' dir='ltr'>manns</span> <span class='ocrx_word' id='word_1_214' title='bbox 855 2345 905 2398; x_wconf 90' lang='lat' dir='ltr'>aut</span> <span class='ocrx_word' id='word_1_215' title='bbox 921 2339 1044 2409; x_wconf 89' lang='lat' dir='ltr'>animus,</span> <span class='ocrx_word' id='word_1_216' title='bbox 1060 2357 1161 2417; x_wconf 77' lang='lat' dir='ltr'>gra-2⁵</span> 
     </span>
     <span class='ocr_line' id='line_1_27' title="bbox 121 2421 1128 2502; baseline 0 -20"><span class='ocrx_word' id='word_1_217' title='bbox 121 2424 221 2484; x_wconf 78' lang='lat' dir='ltr'>ttuito</span> <span class='ocrx_word' id='word_1_218' title='bbox 240 2425 335 2500; x_wconf 90' lang='lat' dir='ltr'>potius</span> <span class='ocrx_word' id='word_1_219' title='bbox 349 2421 442 2482; x_wconf 90' lang='lat' dir='ltr'>malus</span> <span class='ocrx_word' id='word_1_220' title='bbox 457 2430 543 2502; x_wconf 86' lang='lat' dir='ltr'>atque</span> <span class='ocrx_word' id='word_1_221' title='bbox 559 2421 686 2484; x_wconf 90' lang='lat' dir='ltr'>crudelis</span> <span class='ocrx_word' id='word_1_222' title='bbox 705 2429 776 2484; x_wconf 89' lang='lat' dir='ltr'>erat.</span> <span class='ocrx_word' id='word_1_223' title='bbox 805 2423 853 2483; x_wconf 87' lang='lat' dir='ltr'>Eis</span> <span class='ocrx_word' id='word_1_224' title='bbox 868 2423 968 2483; x_wconf 89' lang='lat' dir='ltr'>amicis</span> <span class='ocrx_word' id='word_1_225' title='bbox 982 2423 1128 2501; x_wconf 88' lang='lat' dir='ltr'>sociisque</span> 
     </span>
     <span class='ocr_line' id='line_1_28' title="bbox 150 2504 1128 2584; baseline -0.001 -18"><span class='ocrx_word' id='word_1_226' title='bbox 150 2507 276 2566; x_wconf 86' lang='lat' dir='ltr'>conlisus</span> <span class='ocrx_word' id='word_1_227' title='bbox 291 2504 428 2574; x_wconf 81' lang='lat' dir='ltr'>Catilina,</span> <span class='ocrx_word' id='word_1_228' title='bbox 452 2507 537 2568; x_wconf 92' lang='lat' dir='ltr'>simul</span> <span class='ocrx_word' id='word_1_229' title='bbox 552 2507 630 2584; x_wconf 91' lang='lat' dir='ltr'>quod</span> <span class='ocrx_word' id='word_1_230' title='bbox 650 2525 700 2567; x_wconf 87' lang='lat' dir='ltr'>aes</span> <span class='ocrx_word' id='word_1_231' title='bbox 714 2506 840 2567; x_wconf 82' lang='lat' dir='ltr'>ebenum</span> <span class='ocrx_word' id='word_1_232' title='bbox 854 2523 909 2584; x_wconf 91' lang='lat' dir='ltr'>per</span> <span class='ocrx_word' id='word_1_233' title='bbox 925 2507 1019 2566; x_wconf 90' lang='lat' dir='ltr'>omnis</span> <span class='ocrx_word' id='word_1_234' title='bbox 1034 2515 1128 2566; x_wconf 85' lang='lat' dir='ltr'>terras</span> 
     </span>
     <span class='ocr_line' id='line_1_29' title="bbox 149 2587 1127 2666; baseline 0 -18"><span class='ocrx_word' id='word_1_235' title='bbox 149 2591 252 2666; x_wconf 85' lang='lat' dir='ltr'>ingens</span> <span class='ocrx_word' id='word_1_236' title='bbox 274 2594 351 2656; x_wconf 91' lang='lat' dir='ltr'>erat,</span> <span class='ocrx_word' id='word_1_237' title='bbox 375 2595 404 2648; x_wconf 92' lang='lat' dir='ltr'>et</span> <span class='ocrx_word' id='word_1_238' title='bbox 425 2590 504 2666; x_wconf 88' lang='lat' dir='ltr'>quod</span> <span class='ocrx_word' id='word_1_239' title='bbox 524 2588 655 2666; x_wconf 88' lang='lat' dir='ltr'>plerique</span> <span class='ocrx_word' id='word_1_240' title='bbox 677 2589 788 2649; x_wconf 90' lang='lat' dir='ltr'>Sullani</span> <span class='ocrx_word' id='word_1_241' title='bbox 809 2589 923 2656; x_wconf 88' lang='lat' dir='ltr'>milites,</span> <span class='ocrx_word' id='word_1_242' title='bbox 945 2587 1056 2665; x_wconf 86' lang='lat' dir='ltr'>largius</span> <span class='ocrx_word' id='word_1_243' title='bbox 1074 2606 1127 2648; x_wconf 91' lang='lat' dir='ltr'>sno</span> 
     </span>
     <span class='ocr_line' id='line_1_30' title="bbox 150 2670 1128 2748; baseline 0 -17"><span class='ocrx_word' id='word_1_244' title='bbox 150 2673 209 2740; x_wconf 92' lang='lat' dir='ltr'>usi,</span> <span class='ocrx_word' id='word_1_245' title='bbox 228 2672 398 2748; x_wconf 75' lang='lat' dir='ltr'>rapinarum</span> <span class='ocrx_word' id='word_1_246' title='bbox 421 2678 450 2730; x_wconf 89' lang='lat' dir='ltr'>et</span> <span class='ocrx_word' id='word_1_247' title='bbox 470 2671 607 2729; x_wconf 89' lang='lat' dir='ltr'>victoriae</span> <span class='ocrx_word' id='word_1_248' title='bbox 628 2672 732 2731; x_wconf 88' lang='lat' dir='ltr'>veteris</span> <span class='ocrx_word' id='word_1_249' title='bbox 746 2688 892 2732; x_wconf 85' lang='lat' dir='ltr'>memores</span> <span class='ocrx_word' id='word_1_250' title='bbox 915 2670 997 2732; x_wconf 84' lang='lat' dir='ltr'>civile</span> <span class='ocrx_word' id='word_1_251' title='bbox 1017 2670 1128 2732; x_wconf 90' lang='lat' dir='ltr'>bellum</span> 
     </span>
    </p>

    <p class='ocr_par' dir='ltr' id='par_1_8' title="bbox 77 2753 1163 3083">
     <span class='ocr_line' id='line_1_31' title="bbox 77 2753 1163 2835; baseline 0.003 -19"><span class='ocrx_word' id='word_1_252' title='bbox 77 2820 81 2835; x_wconf 51' lang='grc'>,</span> <span class='ocrx_word' id='word_1_253' title='bbox 123 2753 343 2832; x_wconf 68' lang='lat' dir='ltr'>ceroptabant,</span> <span class='ocrx_word' id='word_1_254' title='bbox 365 2753 577 2832; x_wconf 89' lang='lat' dir='ltr'>obprimundae</span> <span class='ocrx_word' id='word_1_255' title='bbox 597 2754 640 2813; x_wconf 90' lang='lat' dir='ltr'>rei</span> <span class='ocrx_word' id='word_1_256' title='bbox 657 2753 792 2830; x_wconf 88' lang='lat' dir='ltr'>publicae</span> <span class='ocrx_word' id='word_1_257' title='bbox 814 2753 966 2814; x_wconf 90' lang='lat' dir='ltr'>consilium</span> <span class='ocrx_word' id='word_1_258' title='bbox 982 2757 1067 2835; x_wconf 89' lang='lat' dir='ltr'>cepit.</span> <span class='ocrx_word' id='word_1_259' title='bbox 1095 2755 1128 2815; x_wconf 93' lang='lat' dir='ltr'>ln</span> <span class='ocrx_word' id='word_1_260' title='bbox 1137 2777 1163 2819; x_wconf 86' lang='lat' dir='ltr'>ao</span> 
     </span>
     <span class='ocr_line' id='line_1_32' title="bbox 150 2835 1128 2916; baseline -0.001 -19"><span class='ocrx_word' id='word_1_261' title='bbox 150 2838 230 2898; x_wconf 90' lang='lat' dir='ltr'>ltalia</span> <span class='ocrx_word' id='word_1_262' title='bbox 243 2838 341 2899; x_wconf 88' lang='lat' dir='ltr'>nullus</span> <span class='ocrx_word' id='word_1_263' title='bbox 356 2839 513 2904; x_wconf 85' lang='lat' dir='ltr'>exercitus,</span> <span class='ocrx_word' id='word_1_264' title='bbox 531 2836 586 2896; x_wconf 90' lang='lat' dir='ltr'>Gn.</span> <span class='ocrx_word' id='word_1_265' title='bbox 598 2835 753 2916; x_wconf 90' lang='lat' dir='ltr'>Pompeius</span> <span class='ocrx_word' id='word_1_266' title='bbox 767 2839 797 2898; x_wconf 90' lang='lat' dir='ltr'>in</span> <span class='ocrx_word' id='word_1_267' title='bbox 813 2840 949 2899; x_wconf 85' lang='lat' dir='ltr'>extremis</span> <span class='ocrx_word' id='word_1_268' title='bbox 962 2841 1049 2898; x_wconf 91' lang='lat' dir='ltr'>terris</span> <span class='ocrx_word' id='word_1_269' title='bbox 1066 2838 1128 2898; x_wconf 92' lang='lat' dir='ltr'>bel-</span> 
     </span>
     <span class='ocr_line' id='line_1_33' title="bbox 150 2918 1130 3000; baseline -0.001 -20"><span class='ocrx_word' id='word_1_270' title='bbox 150 2922 212 2982; x_wconf 89' lang='lat' dir='ltr'>lum</span> <span class='ocrx_word' id='word_1_271' title='bbox 234 2920 362 2998; x_wconf 84' lang='lat' dir='ltr'>gerebat,</span> <span class='ocrx_word' id='word_1_272' title='bbox 385 2920 439 2996; x_wconf 91' lang='lat' dir='ltr'>ipsi</span> <span class='ocrx_word' id='word_1_273' title='bbox 460 2918 643 2979; x_wconf 88' lang='lat' dir='ltr'>consulatum</span> <span class='ocrx_word' id='word_1_274' title='bbox 663 2922 772 2998; x_wconf 86' lang='lat' dir='ltr'>petenti</span> <span class='ocrx_word' id='word_1_275' title='bbox 787 2938 891 2999; x_wconf 84' lang='lat' dir='ltr'>magna</span> <span class='ocrx_word' id='word_1_276' title='bbox 907 2939 989 3000; x_wconf 90' lang='lat' dir='ltr'>spes,</span> <span class='ocrx_word' id='word_1_277' title='bbox 1011 2923 1130 2982; x_wconf 83' lang='lat' dir='ltr'>senalus</span> 
     </span>
     <span class='ocr_line' id='line_1_34' title="bbox 150 3002 1128 3083; baseline -0.002 -17"><span class='ocrx_word' id='word_1_278' title='bbox 150 3003 222 3066; x_wconf 91' lang='lat' dir='ltr'>nihil</span> <span class='ocrx_word' id='word_1_279' title='bbox 243 3021 314 3065; x_wconf 90' lang='lat' dir='ltr'>sane</span> <span class='ocrx_word' id='word_1_280' title='bbox 336 3005 478 3064; x_wconf 86' lang='lat' dir='ltr'>intentus:</span> <span class='ocrx_word' id='word_1_281' title='bbox 494 3009 574 3064; x_wconf 90' lang='lat' dir='ltr'>tutae</span> <span class='ocrx_word' id='word_1_282' title='bbox 589 3002 818 3083; x_wconf 88' lang='lat' dir='ltr'>tranquillaeque</span> <span class='ocrx_word' id='word_1_283' title='bbox 833 3022 881 3065; x_wconf 89' lang='lat' dir='ltr'>res</span> <span class='ocrx_word' id='word_1_284' title='bbox 898 3022 1014 3074; x_wconf 88' lang='lat' dir='ltr'>ornnes,</span> <span class='ocrx_word' id='word_1_285' title='bbox 1036 3012 1080 3064; x_wconf 86' lang='lat' dir='ltr'>set</span> <span class='ocrx_word' id='word_1_286' title='bbox 1095 3022 1128 3064; x_wconf 90' lang='lat' dir='ltr'>ea</span> 
     </span>
    </p>

    <p class='ocr_par' dir='ltr' id='par_1_9' title="bbox 150 3086 625 3168">
     <span class='ocr_line' id='line_1_35' title="bbox 150 3086 625 3168; baseline 0 -19"><span class='ocrx_word' id='word_1_287' title='bbox 150 3106 273 3168; x_wconf 89' lang='lat' dir='ltr'>prorsus</span> <span class='ocrx_word' id='word_1_288' title='bbox 291 3093 455 3164; x_wconf 89' lang='lat' dir='ltr'>opportuna</span> <span class='ocrx_word' id='word_1_289' title='bbox 476 3086 625 3149; x_wconf 88' lang='lat' dir='ltr'>Catilinae.</span> 
     </span>
    </p>

    <p class='ocr_par' dir='ltr' id='par_1_10' title="bbox 105 3168 1165 3417">
     <span class='ocr_line' id='line_1_36' title="bbox 105 3168 1165 3252; baseline 0 -22"><span class='ocrx_word' id='word_1_290' title='bbox 105 3179 140 3236; x_wconf 82' lang='lat'>17</span> <span class='ocrx_word' id='word_1_291' title='bbox 237 3171 327 3249; x_wconf 72' lang='lat' dir='ltr'>igitur</span> <span class='ocrx_word' id='word_1_292' title='bbox 350 3170 465 3229; x_wconf 89' lang='lat' dir='ltr'>circiter</span> <span class='ocrx_word' id='word_1_293' title='bbox 487 3168 632 3230; x_wconf 89' lang='lat' dir='ltr'>llalendas</span> <span class='ocrx_word' id='word_1_294' title='bbox 652 3169 748 3231; x_wconf 90' lang='lat' dir='ltr'>lunias</span> <span class='ocrx_word' id='word_1_295' title='bbox 762 3172 794 3233; x_wconf 89' lang='lat' dir='ltr'>L.</span> <span class='ocrx_word' id='word_1_296' title='bbox 817 3172 941 3233; x_wconf 89' lang='lat' dir='ltr'>Caesare</span> <span class='ocrx_word' id='word_1_297' title='bbox 956 3170 1014 3252; x_wconf 86' lang='lat' dir='ltr'>[et]</span> <span class='ocrx_word' id='word_1_298' title='bbox 1032 3171 1067 3230; x_wconf 89' lang='lat' dir='ltr'>G.</span> <span class='ocrx_word' id='word_1_299' title='bbox 1082 3170 1165 3240; x_wconf 63' lang='lat' dir='ltr'>Fi-a,</span> 
     </span>
     <span class='ocr_line' id='line_1_37' title="bbox 154 3251 1130 3332; baseline -0.002 -17"><span class='ocrx_word' id='word_1_300' title='bbox 154 3255 222 3332; x_wconf 82' lang='lat' dir='ltr'>gulo</span> <span class='ocrx_word' id='word_1_301' title='bbox 235 3251 403 3318; x_wconf 88' lang='lat' dir='ltr'>oonsulibus</span> <span class='ocrx_word' id='word_1_302' title='bbox 414 3254 510 3330; x_wconf 90' lang='lat' dir='ltr'>primo</span> <span class='ocrx_word' id='word_1_303' title='bbox 523 3253 652 3330; x_wconf 83' lang='lat' dir='ltr'>singulos</span> <span class='ocrx_word' id='word_1_304' title='bbox 663 3253 824 3332; x_wconf 84' lang='lat' dir='ltr'>adpellare,</span> <span class='ocrx_word' id='word_1_305' title='bbox 842 3256 954 3315; x_wconf 90' lang='lat' dir='ltr'>hortari</span> <span class='ocrx_word' id='word_1_306' title='bbox 965 3253 1036 3314; x_wconf 89' lang='lat' dir='ltr'>alios</span> <span class='ocrx_word' id='word_1_307' title='bbox 1059 3253 1130 3314; x_wconf 92' lang='lat' dir='ltr'>alios</span> 
     </span>
     <span class='ocr_line' id='line_1_38' title="bbox 153 3336 1130 3417; baseline 0.001 -20"><span class='ocrx_word' id='word_1_308' title='bbox 153 3347 310 3417; x_wconf 87' lang='lat' dir='ltr'>temptare:</span> <span class='ocrx_word' id='word_1_309' title='bbox 327 3353 397 3415; x_wconf 90' lang='lat' dir='ltr'>opes</span> <span class='ocrx_word' id='word_1_310' title='bbox 412 3353 488 3405; x_wconf 88' lang='lat' dir='ltr'>snas,</span> <span class='ocrx_word' id='word_1_311' title='bbox 500 3336 661 3413; x_wconf 90' lang='lat' dir='ltr'>inparatam</span> <span class='ocrx_word' id='word_1_312' title='bbox 677 3340 910 3416; x_wconf 80' lang='lat' dir='ltr'>rempublicam,</span> <span class='ocrx_word' id='word_1_313' title='bbox 927 3353 1033 3414; x_wconf 81' lang='lat' dir='ltr'>magna</span> <span class='ocrx_word' id='word_1_314' title='bbox 1045 3355 1130 3416; x_wconf 89' lang='lat' dir='ltr'>prae·</span> 
     </span>
    </p>

    <p class='ocr_par' dir='ltr' id='par_1_11' title="bbox 125 3419 1133 3502">
     <span class='ocr_line' id='line_1_39' title="bbox 125 3419 1133 3502; baseline 0.003 -21"><span class='ocrx_word' id='word_1_315' title='bbox 125 3423 210 3488; x_wconf 85' lang='lat' dir='ltr'>2mia</span> <span class='ocrx_word' id='word_1_316' title='bbox 233 3421 440 3482; x_wconf 90' lang='lat' dir='ltr'>coniurationis</span> <span class='ocrx_word' id='word_1_317' title='bbox 461 3419 577 3480; x_wconf 83' lang='lat' dir='ltr'>docere.</span> <span class='ocrx_word' id='word_1_318' title='bbox 627 3419 681 3479; x_wconf 92' lang='lat' dir='ltr'>Ubi</span> <span class='ocrx_word' id='word_1_319' title='bbox 703 3422 772 3480; x_wconf 89' lang='lat' dir='ltr'>satis</span> <span class='ocrx_word' id='word_1_320' title='bbox 793 3420 942 3500; x_wconf 83' lang='lat' dir='ltr'>explorata</span> <span class='ocrx_word' id='word_1_321' title='bbox 965 3427 1034 3482; x_wconf 90' lang='lat' dir='ltr'>sunt</span> <span class='ocrx_word' id='word_1_322' title='bbox 1057 3440 1133 3502; x_wconf 86' lang='lat' dir='ltr'>quae</span> 
     </span>
    </p>
   </div>
   <div class='ocr_carea' id='block_1_3' title="bbox 11 2657 60 2684">
    <p class='ocr_par' dir='ltr' id='par_1_12' title="bbox 11 2657 60 2684">
     <span class='ocr_line' id='line_1_40' title="bbox 11 2657 60 2684; baseline 0 -13"><span class='ocrx_word' id='word_1_323' title='bbox 11 2657 60 2684; x_wconf 45' lang='lat' dir='ltr'>“d-</span> 
     </span>
    </p>
   </div>
   <div class='ocr_carea' id='block_1_4' title="bbox 0 0 1214 3848">
    <p class='ocr_par' dir='ltr' id='par_1_13' title="bbox 0 0 1214 3848">
     <span class='ocr_line' id='line_1_41' title="bbox 0 0 1214 3848; baseline 0 0"><span class='ocrx_word' id='word_1_324' title='bbox 0 0 1214 3848; x_wconf 95' lang='lat' dir='ltr'> </span> 
     </span>
    </p>
   </div>
  </div>
 </body>
</html>
