2392 3848
253 215 296 256 nr
318 216 419 258 nunno
444 217 644 262 trevarmuo
669 219 695 261 c.
719 210 760 266 36.
781 210 825 264 at.
851 211 894 265 38.
1020 198 1057 260 61

87 361 216 441 aliaque,
232 380 306 440 quae
320 363 459 427 militibus
469 365 534 427 usui
548 365 659 434 tonent,
672 373 802 431 ¹maturat
812 367 841 427 in
852 365 978 429 unicam
993 383 1062 443 por·

87 451 171 507 tere:
186 447 330 509 aestatim
344 447 406 523 ipse
420 448 585 524 proiectus,
607 449 649 511 uti
666 455 732 511 ante
751 449 879 517 cambia,
896 448 974 526 quod
988 455 1062 511 tem·

88 545 144 606 pus
157 527 229 591 baut
240 527 328 607 longe
342 529 459 600 aberet,
475 532 563 593 uma
574 538 627 597 aut
641 531 786 595 deditium
799 539 850 595 aut
860 532 960 609 quovis
974 531 1062 593 modo

88 609 199 675 hedum
210 611 378 680 conficeret.
400 614 436 673 tt
444 621 547 674 conae
560 613 701 692 iugurtha
714 615 937 677 hahemomnia
951 620 981 675 et
991 613 1087 677 elias2

67 693 194 757 adelade
207 692 277 755 aliae
294 713 399 756 merae
423 714 527 759 causas
547 696 660 766 tacere
680 695 1009 774 pollicerideditionem
1029 715 1063 761 ac

89 777 194 839 deinde
206 783 316 839 metum
329 777 477 847 similare,
492 780 597 841 cedere
606 780 723 843 instanti
739 786 768 841 at
786 779 873 856 paulo
886 786 953 857 post
967 799 1004 841 ne
1018 781 1063 841 sui

89 859 253 921 diffiderent
270 861 394 923 instare:
412 862 454 921 ita
472 859 542 923 belli
559 861 647 927 modo
662 861 751 923 modo
766 863 845 939 pacis
859 878 942 923 mora
958 879 1062 922 consu·

89 940 147 1002 lem
165 941 317 1005 ludificari.
359 943 402 1005 tc
424 943 507 1007 tuere
529 945 579 1023 qui
599 950 662 1007 tum
683 943 821 1007 minum
840 943 912 1005 haut
928 946 1088 1023 ignaruma

89 1023 190 1086 consili
204 1027 283 1103 regis
298 1027 508 1091 existumarent
528 1045 624 1105 noque
644 1046 681 1089 ex
702 1034 780 1093 tanta
801 1028 990 1106 properantia
1002 1033 1062 1091 um

54 1127 80 1167 so
89 1107 171 1170 iacile
185 1115 311 1171 tractum
326 1108 436 1175 bellurn
454 1110 588 1174 socordia
608 1113 700 1189 magis
713 1129 802 1190 pam
816 1109 883 1171 dole
898 1111 1061 1171 crederent.

89 1191 140 1253 Set
160 1197 316 1271 postquam
330 1192 441 1271 dilapso
457 1200 589 1272 tempere
604 1196 789 1259 naumurum
802 1195 865 1257 dies
880 1193 1063 1262 adventabat,
1080 1209 1089 1250 1

88 1274 210 1417 gibinus
223 1274 298 1337 tado
313 1275 404 1339 tratre
422 1278 452 1337 in
469 1278 570 1339 castris
590 1294 645 1354 pro
667 1284 803 1356 praetere
819 1275 926 1339 relicto
938 1275 1063 1343 Romam

110 1358 221 1418 ecessit.

172 1440 214 1501 lla
227 1446 398 1519 tempestate
412 1439 522 1503 Romae
540 1441 729 1505 sennonteus
743 1441 906 1505 tribuniciis
926 1443 1062 1503 atrociter
1072 1441 1111 1501 37

55 1541 137 1586 rores
151 1523 268 1600 publiea
288 1523 459 1602 agitabatur.
498 1524 531 1584 P.
550 1523 689 1587 Lucullus
707 1532 736 1585 et
752 1524 784 1585 L.
805 1525 932 1594 Annius,
955 1523 1090 1589 auena

88 1605 194 1684 plebei,
213 1607 416 1669 perimentibus
437 1606 565 1686 conlegis
586 1609 756 1669 continuans
767 1608 973 1685 magistratum
989 1608 1062 1668 uite-

88 1690 210 1760 bantur,
233 1709 308 1770 quae
323 1690 466 1753 dissensio
486 1692 575 1755 tonus
589 1692 660 1755 anni
677 1692 792 1753 comitia
810 1689 985 1770 inpediebat.
1021 1689 1087 1751 Eae

88 1791 172 1833 mora
180 1775 211 1834 in
224 1791 308 1851 spem
323 1773 465 1837 addoem
477 1772 576 1844 auos,
591 1791 748 1853 quampro
761 1780 898 1853 praetore
916 1775 946 1834 in
961 1773 1064 1835 oashis

89 1855 224 1918 relictum
239 1872 333 1932 supra
353 1855 493 1924 diximus,
523 1863 574 1917 aut
593 1857 767 1923 cunimundi
788 1856 858 1919 bebi
878 1864 928 1919 aut
946 1864 1064 1921 ¹terrore

55 1940 235 2000 mexercitus
245 1937 282 2001 ah
296 1955 367 2017 rege
380 1939 523 2017 pecuniae
540 1939 710 2016 capiundae,
726 1940 831 2001 milites
845 1957 945 2001 mense
960 1939 1063 2001 lanua·

89 2024 134 2083 rio
151 2040 186 2082 ex
197 2021 329 2085 hibernis
341 2023 371 2083 in
387 2021 599 2099 expeditionem
610 2029 720 2091 aream,
731 2023 901 2100 magnisque
913 2020 1064 2085 itineribus

88 2106 185 2167 hieme
201 2122 305 2183 aspera
318 2106 450 2183 peruenit
471 2104 508 2169 ad
524 2105 664 2185 eppidrun
682 2103 797 2173 Suthul,
819 2103 871 2167 ubi
886 2106 965 2184 regis
979 2103 1063 2165 then-

89 2190 169 2249 sauri
184 2196 277 2253 erant.
301 2187 391 2258 duod
405 2206 583 2268 quamquam
598 2195 627 2249 et
640 2189 757 2251 saeuitia
772 2189 1089 2267 temporiseteppor·a

89 2273 211 2332 tunitate
224 2269 283 2333 loci
296 2289 392 2350 neque
410 2271 474 2347 capi
487 2289 582 2350 neque
598 2270 726 2333 obsideri
739 2277 855 2347 poterat
872 2305 906 2316 -
923 2288 992 2335 nam
1007 2271 1063 2331 cir·

54 2377 81 2416 ze
91 2372 159 2415 cnm
173 2371 306 2422 murum,
326 2354 417 2415 ¹situm
434 2354 464 2415 in
484 2355 636 2431 praerupti
653 2355 759 2415 montis
777 2359 918 2421 extrenm,
932 2351 1065 2429 planities

89 2435 192 2497 limosa
212 2435 407 2499 hiemantibus
429 2437 511 2512 aquis
531 2435 668 2513 paludem
689 2436 800 2497 iecerat
821 2468 873 2503 -,
896 2441 994 2495 minen
1015 2442 1065 2493 aut

89 2518 245 2581 simulandi
258 2520 351 2596 gratia
369 2536 427 2597 quo
441 2519 504 2596 regi
517 2517 704 2581 formidinem
717 2517 853 2587 adderet,
862 2523 918 2580 :aut
931 2517 1066 2594 cupidine

91 2620 196 2664 caecus
207 2602 245 2662 ob
256 2602 431 2664 thensauros
442 2601 543 2678 oppidi
553 2601 694 2679 potiundi,
705 2601 808 2663 eneas
821 2617 909 2678 agere
927 2616 1064 2677 aggerem

90 2689 187 2748 iacere
200 2685 313 2765 aliaque
323 2703 398 2764 quae
411 2687 527 2761 incepto
538 2686 605 2747 usui
614 2683 711 2747 forent
724 2701 895 2762 properare.
915 2684 951 2743 tt
960 2683 1064 2758 lugur-
1075 2690 1115 2754 38

56 2770 141 2835 rotha
155 2770 270 2846 cognita
283 2770 407 2830 uanitate
424 2775 511 2846 atquc
523 2768 657 2845 inperitia
670 2766 758 2843 legati
774 2767 916 2831 nundus
937 2768 998 2831 eius
1011 2782 1064 2829 au·

91 2869 162 2929 gere
181 2854 351 2921 amentiam,
376 2852 520 2913 missitare
538 2849 729 2927 subplicantis
752 2851 877 2927 legatos,
900 2851 962 2928 ipse
982 2849 1066 2927 quasi

90 2934 264 2996 vitabundus
283 2953 337 3013 per
351 2935 478 2997 saltuosa
492 2934 557 2995 loca
569 2935 739 2997 attramites
756 2935 917 2997 exercitum
934 2933 1072 2995 ductare.

92 3018 222 3094 lienique
239 3018 344 3079 Arrium
362 3036 415 3097 spe
430 3019 572 3097 pactionis
585 3015 712 3095 perpulit
727 3018 770 3077 uti
783 3015 884 3079 relicte
899 3014 1021 3077 Suthule
1035 3015 1091 3079 ins

92 3100 204 3161 abditas
224 3101 359 3175 regiones
374 3119 439 3162 sese
453 3100 542 3161 veluti
560 3099 713 3160 cedentem
727 3100 929 3176 insequeretur
945 3098 999 3179 [ita
1014 3095 1065 3157 de·

57 3183 160 3244 salicta
181 3181 340 3242 occultiora
360 3181 467 3263 tuere}
509 3181 624 3242 Interea
645 3198 700 3259 per
719 3180 854 3243 homines
876 3181 994 3242 callidos
1015 3177 1092 3248 diua

92 3272 240 3343 noctuque
262 3266 422 3327 exercitum
438 3263 611 3342 temptabat,
634 3265 821 3326 centuriones
842 3264 989 3342 ducesque
1004 3270 1066 3323 tur·

93 3366 208 3409 marum
216 3350 327 3427 partim
341 3349 384 3409 uti
399 3346 614 3424 transfugerent
625 3364 828 3424 conrumpere,
840 3344 892 3407 alii
905 3348 988 3424 signo
999 3344 1066 3405 dato

93 3431 191 3493 locum
205 3435 247 3493 uti
263 3432 441 3492 desererent.
476 3429 556 3500 Quae
570 3437 724 3509 postquam
739 3447 774 3489 ex
786 3430 928 3490 sententia
940 3427 1091 3492 instruite
