2392 3848
357 223 399 263 ex
419 221 585 264 moronus
606 216 804 259 excusasse.
1010 195 1068 255 117

96 373 264 437 interesset,
285 369 382 430 multis
398 369 469 428 mibi
486 365 689 428 disserundum
711 365 780 430 luit,
804 361 984 438 docendique
998 378 1069 438 quas

98 452 135 512 ob
157 453 276 512 iniurias
289 462 317 513 et
336 453 498 532 quotiensa
513 447 645 526 patribus
658 452 768 506 armata
787 444 888 523 plebes
905 445 1070 503 secessisset

97 537 197 612 utiquc
218 535 346 596 vindices
365 535 523 613 paravisset
537 531 630 590 omnis
652 532 723 590 iuris
745 529 790 588 sui
806 526 940 588 tribunos
959 524 1069 603 plebei:

99 635 177 678 nunc
202 618 314 694 hortari
339 618 426 677 modo
454 615 574 676 relicum
602 620 645 672 est
671 619 700 672 et
725 615 767 671 ire
791 613 918 689 primum
936 610 990 677 via,
1014 621 1103 687 quat

76 701 309 777 ecapessundam
321 700 447 759 arbitror
460 697 633 757 libertatem.
648 694 749 771 Neque
761 712 808 754 me
818 693 965 771 praeterit,
979 709 1070 769 quan·
1086 697 1104 747 3

99 793 143 840 tas
169 799 239 859 opes
268 781 424 842 nobilitatis
447 777 526 839 solus
544 780 686 853 inpotens,
704 778 782 835 inani
801 778 897 854 specie
920 776 1070 852 magistra-

101 874 154 932 tus,
177 863 287 942 pellere
310 865 505 924 dominatione
524 861 667 936 incipiam,
691 865 858 938 quantoque
878 859 968 917 tutius
984 857 1070 918 factio

100 948 252 1006 noxiorum
275 955 340 1023 agat
359 964 446 1025 quam
464 944 518 1004 soli
538 944 714 1003 innocentes.

185 1029 236 1090 Set
255 1037 372 1107 praeter
392 1046 474 1107 spem
494 1027 601 1087 bonam
616 1045 653 1086 ex
669 1024 759 1094 vobis
780 1043 854 1103 quae
867 1031 977 1085 metum
995 1024 1070 1092 vicit,
1089 1038 1103 1085 a

68 1127 91 1165 to
101 1113 187 1172 statui
208 1113 373 1173 certaminis
393 1112 515 1172 advorsa
535 1127 590 1188 pro
610 1108 743 1170 libertate
764 1110 878 1187 potiora
911 1125 973 1168 esse
1004 1106 1071 1166 lorti

100 1197 162 1255 viro
188 1214 275 1273 quam
296 1197 414 1254 omnino
435 1212 495 1253 non
517 1194 678 1253 certavisse.
700 1193 881 1270 Quamquam
903 1207 1004 1250 omnes
1025 1188 1105 1254 aliid

102 1279 191 1337 creati
213 1295 268 1355 pro
293 1279 357 1337 iure
379 1283 475 1336 vostro
497 1279 554 1336 vim
574 1282 708 1335 cunctam
731 1277 895 1352 etimperia
911 1292 964 1334 sua
980 1275 1072 1350 gratia

103 1367 152 1419 aut
172 1376 225 1438 spe
249 1366 299 1419 aut
319 1360 456 1436 praemiis
477 1359 585 1394 *****
604 1359 633 1416 in
654 1374 705 1416 vos
721 1366 892 1418 convortere
911 1356 1073 1434 meliusque

103 1441 212 1503 habent
230 1441 365 1503 mercede
381 1440 549 1518 delinquere
570 1456 657 1518 quem
678 1442 767 1516 gratis
784 1448 865 1500 recte
888 1440 995 1500 facere.
1017 1439 1108 1500 lta-d

70 1540 94 1578 rs
104 1543 161 1603 que
184 1541 284 1584 omues
307 1541 478 1585 concessere
488 1525 545 1583 iam
557 1524 586 1583 in
600 1540 760 1600 paucorum
772 1523 1006 1593 dominationem,
1025 1525 1074 1601 qui

104 1625 157 1684 per
177 1606 301 1668 militare
320 1625 428 1669 nomen
451 1608 596 1667 aerarium
617 1607 776 1674 exercitus,
797 1623 888 1683 regna
910 1608 1075 1683 provincias

105 1707 285 1767 occupavere
307 1697 335 1750 et
356 1707 455 1750 arcem
478 1689 587 1750 habent
612 1707 647 1748 ex
672 1689 771 1767 spoliis
793 1691 912 1749 vostris:
942 1707 1009 1749 cum
1031 1692 1074 1750 in·

104 1773 190 1831 terim
201 1789 284 1832 more
295 1790 436 1851 pecorum
451 1790 501 1832 vos
513 1770 665 1833 multitudo
679 1771 799 1848 singulis
812 1771 962 1833 habendos
975 1771 1074 1832 fruen-

106 1855 215 1934 dosque
236 1855 391 1932 praebetis,
420 1856 498 1916 exuti
519 1855 653 1915 omnibus
674 1874 749 1933 quae
769 1857 893 1916 maiores
911 1853 1074 1931 reliquere:

69 1958 94 1996 zo
104 1939 159 1997 nisi
180 1939 246 2016 quia
267 1937 408 1997 vobismet
432 1939 486 2014 ipsi
515 1955 568 2015 per
591 1938 741 2014 suffragia,
775 1945 807 1998 ut
828 1937 975 2015 praesides
996 1937 1073 2006 olim,

104 2037 183 2079 nunc
202 2020 335 2079 dominos
357 2020 511 2081 destinatis.
548 2020 648 2097 ltaque
672 2037 843 2081 concessere
868 2020 935 2081 illuc
957 2036 1108 2085 omneszt

104 2112 134 2162 at
155 2120 232 2171 mox,
255 2104 279 2162 si
300 2110 397 2163 vostra
420 2105 598 2180 receperitis,
619 2103 720 2163 advos
736 2103 877 2182 plerique.
900 2104 985 2164 Raris
999 2106 1075 2165 enim

105 2186 216 2244 animus
230 2186 317 2246 estad
330 2205 372 2255 ea,
387 2205 461 2264 quae
472 2188 576 2255 iacent,
589 2186 788 2248 defendunda:
802 2190 892 2249 ceteri
905 2187 1075 2248 validiorum

105 2275 181 2327 sunt.
214 2267 258 2324 dn
281 2267 403 2328 dubium
429 2269 555 2338 habetis,
578 2287 648 2329 num
674 2270 801 2330 obiicere
820 2272 888 2348 quid
913 2271 994 2331 vobis
1015 2289 1073 2331 uno
1092 2281 1109 2330 8

70 2365 94 2403 aa
106 2351 201 2409 animo
218 2350 406 2428 pergentibus
427 2353 526 2428 possit,
541 2369 614 2429 quos
630 2352 782 2427 languidos
799 2353 987 2431 socordisque
1008 2371 1075 2431 per·

104 2433 246 2492 timuere?
286 2432 346 2492 Nisi
369 2432 444 2493 iorte
466 2435 499 2496 G.
521 2434 617 2503 Cotta,
646 2453 681 2493 ex
705 2434 827 2495 faotione
848 2434 944 2495 media
965 2436 1075 2503 consul,

106 2515 188 2575 aliter
215 2531 301 2592 quam
323 2523 402 2576 metu
423 2518 487 2577 iura
507 2517 650 2593 quaedam
671 2515 795 2578 tribunis
819 2516 914 2595 plebei
942 2519 1075 2580 restituit.

106 2597 221 2659 Scilicet
242 2616 418 2678 quamquam
435 2599 468 2659 L.
491 2599 615 2660 Sicinius
636 2601 747 2676 primus
768 2601 803 2661 de
823 2606 965 2679 potestate
983 2600 1075 2662 tribu·

104 2682 178 2740 nicia
205 2679 284 2759 loqui
304 2700 392 2742 ausus
409 2682 605 2743 mussantibus
617 2682 699 2742 vobis
711 2684 925 2744 circumventus
940 2690 1011 2754 erat,
1032 2691 1075 2744 ta-

69 2777 93 2818 so
104 2781 171 2823 men
193 2765 274 2841 prius
286 2764 327 2824 illi
341 2766 474 2826 invidiam
493 2773 624 2827 metuere
645 2783 732 2844 quam
751 2783 802 2825 vos
824 2767 947 2828 iniuriae
961 2774 1076 2845 pertae-

105 2864 170 2906 sum
193 2853 244 2907 est.
279 2846 362 2916 Quod
388 2866 442 2927 ego
464 2867 578 2926 nequeo
601 2849 668 2908 satis
693 2850 807 2918 mirari,
837 2849 979 2919 Quirites:
1008 2869 1077 2913 nam

104 2947 186 3006 spem
207 2931 315 2991 frustra
337 2933 425 2995 inisse
451 2931 638 2993 intellexistis.
682 2931 761 2991 Sulla
780 2943 915 3003 mortuo,
940 2937 990 3013 qui
1012 2949 1109 2999 sce-9

104 3012 208 3071 lestum
231 3013 399 3090 inposuerat
419 3017 576 3083 servitium,
598 3015 686 3074 linem
703 3013 771 3074 mali
792 3016 968 3078 credebatis:
994 3024 1076 3077 ortus

105 3100 148 3153 est
166 3092 253 3172 longe
274 3099 385 3157 saevior
409 3097 534 3157 Catulus.
575 3096 728 3156 Tumultus
750 3098 913 3169 intercessit
934 3099 1024 3160 Bruto
1047 3107 1076 3160 et
1094 3113 1125 3164 10

69 3191 93 3233 rs
103 3177 250 3237 Mamerco
272 3179 453 3240 consulibus:
479 3180 544 3240 dein
567 3181 601 3241 G.
621 3178 708 3239 Curio
725 3179 761 3239 ad
782 3183 901 3242 exitium
922 3201 1012 3261 usque
1031 3185 1075 3242 in·

103 3261 193 3320 sontis
205 3260 314 3323 tribuni
328 3263 492 3324 dominatus
509 3270 561 3323 est.
583 3262 720 3322 Lucullus
733 3266 885 3342 superiore
897 3283 972 3326 anno
984 3284 1075 3344 quan·
1095 3281 1123 3332 lt

104 3345 138 3402 tis
159 3361 262 3404 ammes
281 3353 347 3406 rent
367 3366 397 3407 m
421 3346 453 3406 L.
474 3344 636 3415 Quintium,
662 3346 785 3407 vidistis:
810 3355 933 3426 quantae
951 3349 1075 3427 denique

101 3442 180 3486 nunc
201 3427 272 3487 mibi
293 3429 397 3491 turbae
422 3430 618 3489 concitantur!
657 3428 737 3499 Quae
758 3431 889 3508 proiecto
911 3435 940 3492 in
961 3450 1074 3493 cassum
