2392 3848
144 205 185 269 38
318 226 361 266 ns
381 225 483 268 11110
506 224 706 268 1111111110
731 217 804 267 12.
830 218 855 270 3.
878 221 903 268 4.

143 373 294 453 praeclara
315 374 419 443 facies,
441 389 564 451 magnae
586 374 714 442 divitiae,
738 372 853 433 adhoc
879 375 921 433 vis
942 373 1075 451 eorporis
1096 381 1126 434 11

143 458 198 519 alia
212 460 308 520 omnia
321 458 444 519 huiusoe
465 457 545 518 modi
559 456 642 519 brevi
656 455 834 525 dilabuntur,
851 462 881 517 at
896 458 994 533 ingeni
1008 457 1125 533 egregia

116 543 274 606 elaoinora
295 543 380 603 sicuti
400 542 495 601 anima
516 539 679 602 inmortalia
700 548 776 601 sunt.
818 539 970 601 Postremo
992 542 1125 620 eorporis

144 634 172 686 et
194 627 328 687 [ortonae
343 624 490 686 bonorum
504 626 664 686 1111111111
678 626 719 685 sio
736 625 801 684 finis
818 631 870 693 est,
890 625 1045 702 omniaque
1061 629 1124 682 orta

144 710 281 771 occidunt
296 716 326 773 et
338 716 423 770 aucta
439 717 608 770 senescunt:
631 710 753 778 animus,
770 710 963 787 incorruptus
978 715 1147 776 aeternuse

144 802 243 855 reotor
265 794 385 855 humani
407 794 524 869 generis
545 794 604 870 agit
625 799 712 872 atque
726 791 816 854 habet
830 800 935 854 cuncta
951 809 1048 870 neque
1065 792 1128 869 ipse

118 878 279 940 thahetur.
314 879 378 950 Quo
393 879 486 954 magis
498 879 625 955 pravitas
641 894 744 937 eorum
758 876 928 937 admiranda
944 884 995 945 est,
1015 877 1065 955 qui
1078 875 1128 936 de·

146 964 198 1023 diti
213 963 347 1039 eorporis
363 960 477 1037 gaudiis
490 977 544 1037 per
560 959 663 1019 luxum
677 967 706 1019 et
719 960 862 1034 ignaviam
883 965 1007 1020 aetatem
1027 966 1127 1034 agunt,

146 1053 278 1106 eeterum
299 1042 457 1120 ingenium,
481 1059 539 1120 quo
556 1058 652 1120 neque
672 1040 776 1101 melius
792 1058 889 1118 neque
906 1041 1030 1119 amplius
1052 1040 1129 1103 aliud

145 1131 175 1189 in
196 1136 301 1188 natura
315 1126 483 1187 mortalium
498 1132 556 1195 est,
579 1123 691 1186 incultu
706 1130 792 1203 alque
811 1124 945 1186 socordia
959 1133 1129 1203 torpescere
1139 1150 1165 1192 10

147 1215 258 1281 sinunt,
289 1229 357 1272 oum
376 1211 550 1288 praesertim
571 1215 632 1268 tam
657 1207 765 1270 multae
788 1210 944 1289 variaeque
971 1211 1028 1269 sint
1053 1217 1130 1270 artes

147 1296 250 1363 animi,
276 1295 383 1372 quihus
399 1311 513 1354 summa
533 1293 674 1354 claritudo
688 1299 818 1371 paratur.

116 1376 135 1437 3
232 1378 341 1439 Verum
359 1397 395 1439 ex
417 1379 459 1439 eis
478 1379 664 1454 magistratus
679 1386 708 1438 et
726 1375 856 1453 imperia,
873 1384 1022 1454 postremo
1037 1378 1131 1437 omnis

148 1482 220 1524 eura
234 1481 336 1524 rerum
357 1461 543 1541 publicarum
557 1462 688 1522 minume
702 1461 774 1520 milri
791 1460 847 1520 hao
861 1467 1032 1538 tempestate
1049 1461 1129 1536 eopi-

145 1547 225 1607 imda
237 1547 381 1616 videntur,
388 1547 527 1624 quoniam
535 1564 632 1624 neque
644 1547 743 1607 virtuti
752 1545 848 1606 honos
856 1545 951 1612 datur,
964 1563 1062 1621 neque
1072 1544 1127 1614 illi,
1136 1566 1164 1609 m

147 1630 254 1707 quihus
264 1648 318 1708 per
329 1629 463 1691 fraudem
473 1630 519 1689 vel
532 1629 1127 1707 11111111111111011311110111111111

116 1713 217 1776 2Nam
234 1716 261 1774 vi
278 1715 395 1793 quidem
410 1730 515 1791 regere
532 1717 655 1795 patriam
672 1724 722 1778 aut
742 1720 880 1798 parentis,
905 1737 1082 1799 quamquam
1098 1728 1127 1780 et

143 1799 237 1874 possis
248 1805 277 1858 et
293 1798 397 1859 delicta
412 1799 556 1875 conrigas,
574 1807 672 1861 tamen
685 1802 876 1878 inportunum
892 1809 944 1872 est,
962 1821 1029 1864 eum
1040 1821 1126 1882 prae·

143 1883 244 1942 sertim
259 1899 361 1942 omnes
377 1899 479 1944 rerum
494 1884 669 1944 mutationes
684 1885 803 1947 eaedem
819 1886 918 1962 fugem
941 1885 1054 1965 aliaque
1072 1888 1125 1947 ho-

116 1964 217 2030 1111111
229 1966 415 2043 portendant:
428 1965 536 2027 frustra
551 1973 648 2028 autem
663 1969 715 2028 niti
727 1986 824 2047 neque
839 1969 917 2030 aliud
931 1987 963 2030 se
977 1970 1162 2048 fatigandos)

114 2051 199 2114 enisi
210 2050 309 2110 odium
321 2067 465 2128 quaerere
477 2058 624 2111 extremae
635 2050 797 2112 dementiae
810 2049 938 2119 estJNtsi
952 2052 1027 2114 sorte
1039 2071 1126 2132 quem

144 2133 298 2192 inhonesta
314 2139 343 2192 et
356 2132 516 2210 pernitiosa
526 2131 626 2193 lubido
639 2140 719 2194 tenet
732 2135 879 2211 potentiae
892 2153 1056 2214 paucorum
1076 2138 1127 2199 de·

145 2233 197 2276 eos
219 2222 305 2293 atque
321 2214 488 2277 libertatem
508 2233 591 2276 suam
613 2217 778 2292 gratificari.

114 2299 133 2358 4
229 2298 366 2360 Ceterum
389 2318 424 2360 ex
440 2298 503 2359 aliis
516 2301 648 2377 negotiis,
673 2318 747 2378 quiae
764 2302 880 2381 ingenio
896 2311 1080 2373 exercentur,
1096 2305 1126 2364 in

119 2385 247 2461 aprimis
262 2399 368 2461 magno
382 2385 448 2445 usui
463 2391 507 2445 est
521 2385 662 2445 memoria
675 2402 777 2447 rerum
794 2394 952 2462 gestarum.
988 2387 1075 2449 Cuius
1090 2389 1126 2449 de
1136 2414 1161 2455 25

144 2470 251 2528 virtute
273 2469 341 2546 quia
363 2467 447 2529 multi
469 2468 583 2538 dixere,
606 2470 855 2546 praetereundum
876 2478 961 2548 puto,
981 2471 1068 2532 simul
1088 2489 1126 2531 11

145 2568 199 2627 per
221 2549 404 2611 insolentiam
423 2553 488 2629 quis
503 2553 657 2612 existumet
673 2561 782 2614 memet
801 2553 930 2616 studium
947 2573 1046 2616 meum
1064 2553 1126 2615 lau·

121 2633 245 2694 3dando
266 2632 414 2695 extollere.
458 2635 554 2710 Atque
575 2650 629 2711 ego
645 2635 733 2696 credo
755 2637 819 2697 fore
839 2639 902 2715 qui,
923 2639 990 2715 quia
1012 2637 1127 2699 decrevi

144 2717 250 2796 procul
266 2735 327 2778 are
337 2715 454 2795 publica
469 2722 593 2778 aetatem
611 2733 709 2794 agere,
727 2726 806 2779 tanto
822 2728 941 2799 tamque
955 2719 1018 2782 utili
1032 2720 1127 2783 labori

145 2821 212 2862 meo
230 2820 339 2863 nomen
353 2802 474 2862 inertiae
489 2802 643 2878 inponant,
660 2808 739 2863 01111
757 2802 863 2881 quibus
885 2822 1021 2865 maxuma
1040 2806 1160 2872 indu-ee

146 2887 216 2944 stria
233 2884 347 2944 videtur
366 2883 492 2944 salutare
506 2883 623 2960 plebem
638 2891 666 2946 11
683 2887 819 2946 eonriviis
833 2890 957 2963 gratiam
972 2904 1125 2964 quaerere.

117 2966 202 3037 4011
219 2968 243 3027 si
263 2967 478 3044 reputaverint,
501 2975 530 3027 11
544 2967 650 3045 quibus
671 2984 726 3045 ego
744 2970 926 3047 temporibus
940 2972 1126 3049 magistratus

145 3051 268 3130 adeptus
283 3068 349 3112 som
364 3049 464 3129 quales
479 3051 533 3112 1111
548 3050 625 3113 idem
640 3051 760 3130 adsequi
773 3055 965 3134 nequiverint,
981 3063 1010 3116 11
1024 3063 1125 3133 postea

147 3154 221 3214 quae
248 3152 356 3213 genera
377 3133 530 3197 hominum
557 3137 588 3196 in
609 3143 742 3196 senatum
762 3142 963 3217 pervenerint,
991 3137 1124 3215 proiecto

147 3218 363 3281 existumabunt
374 3236 421 3278 me
435 3221 527 3296 magis
541 3221 645 3280 merito
662 3238 750 3298 quam
761 3221 873 3298 ignavia
887 3223 1025 3283 1111111111
1036 3223 1126 3283 animi
1135 3250 1159 3292 a

146 3304 204 3363 mei
220 3303 375 3364 mutavisse
393 3303 544 3382 maiusque
560 3303 746 3364 commodum
765 3323 800 3366 ex
821 3307 880 3365 otio
896 3321 962 3366 meo
979 3321 1067 3382 quam
1089 3325 1125 3367 ox

120 3384 270 3463 odiorum
280 3386 405 3463 negotiis
415 3387 459 3447 rei
469 3386 604 3464 publicae
614 3395 778 3448 venturum.
790 3387 864 3449 Nam
875 3405 962 3466 saepe
969 3388 1125 3464 egoaudivi

136 3465 169 3531 a
181 3468 367 3540 Maxumum,
382 3469 416 3532 P.
429 3470 605 3549 Scipionem,
616 3479 769 3550 praeterea
781 3471 899 3532 civitatis
910 3478 1027 3534 nostrae
1038 3490 1124 3552 prae·
