2392 3848
470 174 660 242 rasnrsrroJ
1038 202 1058 247 v

73 312 170 361 Victor.
189 310 261 361 Caes.
280 313 321 372 24,
335 313 351 363 9
372 313 453 363 ceteri
468 327 561 497 careresJ
583 314 643 365 boni
658 316 765 380 maltpue
782 312 878 365 nobles
895 323 972 381 atque
988 318 1059 380 ipae·

73 378 136 428 biles
155 379 269 427 coniecit.
288 404 320 415 -
338 379 435 444 20,13.
453 381 549 430 aticum·
579 381 693 434 utemini.
729 379 886 445 Quamquam
905 381 981 446 paulo
1000 392 1059 436 anta

72 447 208 496 hortantur
226 459 258 495 ex
275 445 333 512 Vpn
351 446 529 511 recipiundum
558 448 603 497 uit.
621 473 655 485 -
676 450 717 508 22,
730 451 754 498 2.
776 447 839 497 Post
855 448 923 497 Frid.
941 448 1059 502 Ritschlil

71 511 229 578 praeclaram
252 511 452 577 disputationem
475 513 552 576 (Mus.
570 515 651 570 Rhen.
670 514 735 564 XXI
751 517 767 564 2
789 529 815 580 p.
833 517 882 566 317
894 513 947 579 sq.)
972 531 1057 578 nemo,

69 580 173 696 ffior’
192 579 253 697 qtpip
270 579 335 696 pdeo
353 581 560 712 antiquispirppup2
574 581 655 699 lilplerM
654 582 750 647 glossis
763 582 911 661 inquinatus
924 583 966 644 sit,
983 583 1059 702 dupoi.

115 662 193 701 ι,-
249 663 467 713 ,.qaopucmo
561 663 594 700 uo
657 663 836 703 ommaconr.
890 665 1055 709 ouomc,

69 714 179 778 probare
196 727 249 763 non
265 715 345 779 potui,
365 728 423 763 cum
440 714 504 764 mihi
514 729 567 764 uon
579 725 715 776 concuret,
733 666 890 766 sarcinarii
902 667 959 766 {fiiis
971 726 1059 767 aucto·

69 781 150 841 ribus,
170 795 248 842 quam
265 795 311 844 per
328 779 432 830 curium
450 781 583 846 quidpiam
600 797 630 832 co
650 783 762 846 novisse.
781 808 813 819 -
835 785 877 846 23,
889 785 914 834 3.
932 780 1056 851 lubidine]

68 846 89 896 1.
109 861 142 895 ex
158 847 177 895 P
196 846 288 897 lubido.
312 871 345 883 -
367 847 410 906 23,
422 848 445 898 3.
466 798 650 917 [30333333εῆ
686 849 768 899 ‚sina
789 849 872 898 uncis.
906 849 963 914 Ego
987 850 1058 902 libris
1117 890 1121 899 .

69 913 155 962 minus
173 912 283 972 conlido,
301 927 379 974 quam
396 921 424 962 ut
441 911 590 963 Sallustium
607 917 643 964 ita
660 929 800 965 vaesanum
816 914 935 976 iudicem,
961 925 990 964 ut
1006 929 1058 968 uuo

69 988 158 1029 tenore
175 978 310 1028 Catilinam
327 979 416 1029 ambos
434 979 552 1030 eonsules
570 980 710 1032 interficere
726 980 840 1031 voluisse
857 990 978 1041 narraret,
1001 997 1059 1032 cum

71 1046 148 1097 modo
167 1047 195 1094 iu
212 1045 324 1096 Antonio
343 1061 399 1095 eum
418 1060 491 1112 spem
503 1046 625 1098 habuisse
636 1047 755 1099 dixisset.
769 1073 801 1084 -
812 1046 909 1097 Locum
921 1049 1057 1110 ato-al,

70 1115 108 1163 uti
124 1115 152 1162 in
168 1112 239 1164 libris
257 1113 365 1162 traditus
383 1121 430 1172 est,
448 1114 570 1164 intactum
587 1114 686 1177 reliqui,
709 1129 760 1165 non
778 1128 829 1178 quo
847 1117 1006 1176 sententiam,
1025 1116 1059 1166 ad

69 1194 148 1244 quam
165 1188 225 1245 post
245 1179 338 1230 multas
355 1179 526 1231 dubitationes
550 1182 652 1232 tandem
674 1182 800 1232 adductus
823 1195 891 1231 eram
910 1181 1008 1244 (Exci
1025 1182 1059 1232 ad
1150 1192 1154 1209 ⁴

69 1247 110 1298 ed.
117 1247 183 1297 1334
199 1245 387 1311 ptos-206),
406 1261 447 1297 me
463 1247 590 1298 facillume
606 1249 759 1300 Mommaeui
774 1249 949 1314 disputatione
961 1249 1056 1311 (Herm.

69 1313 110 1365 13
127 1329 152 1378 p.
164 1315 214 1365 431
223 1313 292 1377 sqq.)
315 1313 466 1379 perductum
482 1330 571 1365 rursus
589 1316 713 1366 abiecisse
730 1314 871 1375 confiterer,
889 1324 928 1366 sat
943 1315 1014 1377 quod
1029 1317 1056 1366 iu

69 1380 115 1431 tali
137 1380 249 1430 editions
271 1394 337 1442 quae
358 1379 473 1430 nondum
494 1396 620 1433 consensu
642 1383 771 1433 communi
795 1382 936 1447 adprobata
960 1392 1056 1442 esseut,

69 1445 1059 1582 tttltlttlttllllt⁸2l¹ltlll2t⁰tllt⁰tlplimittit:

69 1591 158 1632 rentur
180 1595 263 1644 neque
279 1581 324 1631 alii
346 1583 484 1647 scriptores
503 1583 638 1646 eomodo,
661 1597 737 1645 quem
754 1581 923 1648 transpositio
940 1582 1058 1644 restituit,

70 1665 111 1699 res
130 1657 245 1698 narratas
263 1664 322 1699 essa
338 1657 498 1716 testarentur.
532 1649 654 1715 Ignoscat
670 1651 749 1716 igitur
765 1651 804 1700 vir
821 1648 1059 1715 praeclarissnmus,
1104 1702 1107 1707 ,

71 1716 142 1779 quod
159 1716 307 1765 temeritatis
325 1716 419 1766 crimen
437 1717 571 1782 iniungere
587 1717 651 1767 mihi
668 1732 744 1779 quam
762 1719 787 1766 in
806 1718 860 1766 eius
881 1716 960 1767 verba
975 1717 1059 1766 iurare

70 1783 213 1833 maluerim.
224 1809 256 1819 -
268 1784 310 1845 27,
320 1785 344 1833 2.
362 1784 454 1833 intenti
462 1781 610 1850 paratique]
628 1787 721 1835 tarenti
727 1785 826 1849 parati.
838 1807 873 1821 -
884 1784 926 1837 27.
937 1785 961 1834 3.
979 1798 1058 1847 perrea

71 1864 106 1899 ex
116 1848 235 1898 Palmarii
252 1846 409 1913 coniectura]
428 1866 478 1913 per
488 1852 508 1900 l.
527 1877 557 1888 —
577 1853 653 1913 28,1.
672 1850 739 1900 Dum
756 1852 958 1901 demonstratum
974 1849 1059 1910 fuerit,

72 1916 189 1966 homines
207 1916 243 1965 ita
260 1914 346 1965 furore
363 1914 578 1981 abreptasluisse,
596 1927 626 1968 ut
636 1933 675 1981 se,
692 1919 784 1967 sicum
801 1917 905 1968 armatis
923 1915 1060 1966 salutatum

73 1984 212 2043 venissent,
230 1995 282 2032 non
300 1980 434 2032 exclusum
450 1984 482 2032 iri
499 1993 640 2048 sperarent,
657 1982 774 2033 lacunam
791 1985 818 2032 in
835 1981 905 2032 libris
924 1997 981 2032 esse
998 1996 1058 2032 cou-

73 2051 187 2100 tendam.
204 2074 237 2086 -
255 2045 354 2116 domui]
374 2050 442 2100 domi
457 2050 478 2101 Ι.
503 2049 595 2100 Rarior
616 2049 700 2100 imma
716 2064 763 2115 per
779 2049 799 2099 P
817 2051 898 2101 domis
915 2047 1060 2098 confirmari

73 2118 158 2182 magis
172 2130 249 2178 quam
261 2117 322 2166 reici
333 2117 398 2167 visa.
415 2141 450 2154 —
466 2119 508 2180 29,
523 2120 545 2168 1.
564 2120 720 2181 eoeupitalmr
731 2112 858 2183 allectio]
872 2119 1029 2180 sospitatem
1040 2115 1059 2166 1.

73 2208 106 2220 -
124 2186 167 2245 30,
181 2185 207 2237 7.
228 2183 361 2241 Maiores.
389 2183 459 2245 quod
482 2198 529 2249 pro
551 2187 660 2235 minores
681 2183 784 2234 exhibet
805 2183 838 2243 P,
867 2183 929 2233 haut
954 2183 1061 2248 dignum

72 2250 145 2314 quod
162 2265 269 2316 prorsus
288 2250 446 2315 neglegatur,
464 2250 528 2300 milri
544 2251 651 2304 videtur.
663 2276 698 2288 -
715 2252 757 2310 31,
771 2252 795 2304 3.
813 2254 853 2301 cel
863 2246 914 2316 sui]
934 2250 1060 2304 autaut

22 2327 25 2331 '
73 2318 94 2368 P
111 2323 139 2368 ut
156 2318 190 2367 ad
206 2321 246 2368 vel
261 2318 347 2383 potius
365 2317 457 2367 ducere
473 2317 702 2368 3331333311.-
719 2317 755 2368 ib.
772 2317 852 2367 mcubt'
868 2331 926 2366 cum
937 2313 1059 2381 Linlrero]

73 2387 98 2435 εἰ
114 2385 135 2437 1.
160 2382 202 2434 Aa
219 2383 282 2434 illud
299 2398 340 2432 me
357 2385 481 2443 consorti,
500 2385 621 2446 qnoniam
637 2383 814 2448 inarchetypo
832 2385 857 2433 st·
872 2391 900 2434 ul
915 2382 1061 2432 fnisselor-
1113 2386 1116 2391 '

72 2451 142 2500 dano
164 2451 250 2499 visum
272 2457 320 2501 est.
340 2473 374 2485 -
396 2451 438 2511 31,
451 2451 477 2502 7.
500 2450 528 2498 in
542 2452 661 2511 populum
677 2449 814 2498 sommant
835 2462 893 2497 cum
910 2444 1007 2514 Gortio]
1034 2449 1061 2498 ln

95 2516 173 2567 lebena
189 2515 325 2566 Romanam
342 2514 361 2566 1.
398 2513 427 2562 Iu
444 2522 514 2563 tanta
536 2512 702 2564 similitudine
724 2515 925 2579 conpendiorum
946 2529 992 2564 cur
1013 2514 1062 2564 hoc

73 2533 131 2701 (spec
149 2581 297 2700 ‘'fn-{leba}
305 2581 443 2660 aoprqnam
459 2581 604 2697 necessapiio
624 2580 786 2698 rcribppdum
802 2580 903 2700 ituisaet,
922 2582 1061 2699 ostendup·

94 2665 137 2700 um
165 2665 191 2699 ιιι
229 2673 261 2686 ·-
299 2663 330 2698 ns
351 2661 457 2698 roronem
501 2663 550 2698 uae
585 2663 671 2698 aercae
715 2663 733 2698 ιι
750 2662 791 2699 me
819 2664 878 2701 ennr
916 2665 983 2701 nunc
998 2664 1062 2700 ms-

75 2705 132 2768 saru
147 2715 205 2765 ieci.
224 2742 256 2753 -
274 2717 316 2777 32,
329 2662 353 2765 f.
371 2663 616 2780 immmaqponsua]
633 2714 819 2781 procedebant]
841 2660 950 2768 insidiae
966 2717 1062 2767 consuli

74 2783 250 2849 procedebant
265 2782 285 2832 1.
313 2781 354 2830 Ab
367 2778 394 2832 S.
412 2790 500 2831 contra
515 2780 648 2832 latinitatis
666 2781 746 2848 leges,
764 2783 814 2832 illis
832 2783 981 2848 praesertim
998 2791 1061 2832 tem-

75 2850 189 2917 poribus,
208 2850 246 2898 sic
257 2849 335 2899 scribi
345 2849 463 2914 potuisse
477 2863 553 2914 nepo.
571 2872 607 2886 -
623 2850 665 2910 32,
677 2852 702 2901 2.
716 2845 830 2915 possim]
847 2857 954 2913 possent
963 2850 983 2898 1.
1001 2849 1061 2899 via.

76 2920 117 2978 11,
132 2919 155 2966 7.
174 2942 207 2953 -
228 2918 271 2977 33,
284 2916 309 2967 1.
325 2917 428 2980 patriae
445 2929 466 2966 c.
478 2912 511 2981 1.]
536 2925 611 2966 antea
631 2918 731 2981 patria.
753 2941 787 2954 —
813 2917 892 2976 34,1.
909 2911 1059 2982 respondet]

75 2984 212 3048 respondit
228 2985 248 3034 1.
266 3006 300 3019 —
317 2985 359 3045 33,
372 2985 396 3034 3.
415 2997 466 3033 aon
478 2984 538 3048 pcto
549 3007 581 3020 ·-
593 2985 693 3035 solvere
709 2998 760 3034 non
775 2998 883 3048 porram,
901 2997 955 3033 cum
965 2985 1062 3034 adbeel

78 3047 182 3115 miano]
200 3067 252 3102 non
268 3051 329 3114 puin
341 3073 370 3087 -
383 3053 482 3101 solvere
496 3064 608 3114 porram,
625 3056 654 3100 at
669 3051 759 3101 abacia
770 3047 907 3102 nominibus
920 3051 939 3100 1.
951 3050 984 3099 de
994 3049 1060 3099 coni.

78 3145 110 3155 -
128 3117 209 3177 33,1.
225 3113 372 3183 Flammas]
396 3117 415 3167 1.
435 3117 515 3167 eiecit.
549 3117 613 3167 Mihi
634 3125 662 3166 nt
683 3117 715 3167 ab
737 3117 904 3182 grammatico
926 3116 1050 3167 adiectum

77 3195 162 3235 tamen
184 3181 347 3233 memorabile
368 3185 462 3234 virum.
484 3208 518 3222 -
541 3185 583 3249 33,
596 3185 621 3235 3.
643 3181 725 3235 morbi
746 3191 816 3244 crat,
841 3199 906 3250 puae
923 3184 961 3234 ati
977 3182 1048 3232 tabes

76 3252 158 3304 morbi
174 3266 206 3302 ao
221 3251 300 3301 celati
314 3248 385 3299 labes
401 3250 421 3300 Ι.
436 3265 461 3303 c.
473 3249 567 3316 Haupt.
579 3249 671 3302 Philol.
684 3251 719 3300 111
729 3266 757 3317 p.
768 3253 827 3303 347.
857 3249 921 3299 Illud
938 3248 1001 3298 mihi
1018 3263 1062 3299 ne·

77 3334 129 3381 que
145 3317 326 3368 inconcinnum
343 3330 400 3367 esse
417 3325 442 3367 et
458 3317 566 3383 propius
584 3317 617 3367 ad
634 3317 756 3368 librorum
768 3319 819 3368 scri
838 3325 922 3367 turam
933 3314 1014 3368 morbi
1023 3323 1062 3366 at-

78 3401 127 3450 que
144 3387 182 3436 nti
199 3384 271 3436 tuber
286 3383 409 3434 adcedens
425 3384 517 3434 visum.
535 3409 569 3423 -
586 3386 629 3446 37,
640 3385 665 3436 3.
683 3382 809 3442 Quoniam
819 3333 884 3432 iibri
895 3383 940 3433 alr'r'
956 3386 999 3450 pal
1012 3398 1062 3448 per

80 3453 208 3504 &decora
229 3451 361 3512 exhibent,
388 3450 485 3516 aliquid
506 3452 533 3501 lu
555 3450 611 3501 loco
633 3450 762 3501 turbatum
787 3465 844 3500 esse
867 3450 1005 3504 conceda,
1027 3451 1074 3504 qm
