2392 3848
122 184 161 242 72
296 202 339 244 ou
361 200 464 242 annno
488 199 689 244 ruovuumno
713 199 739 242 o.
756 193 800 245 54.
823 194 864 245 55.
882 193 926 247 56.

96 350 194 417 odere
214 352 392 428 nequiverat,
409 350 439 410 in
454 347 555 408 alienis
569 347 679 409 bellum
694 365 808 425 gerere.
843 348 954 410 Tamen
969 367 1006 409 ex
1022 355 1107 429 copia

124 433 203 513 quod
224 439 376 510 optumum
398 431 550 492 ridebatur
573 431 725 491 consilium
747 433 837 510 capit:
862 433 1022 493 exercitum
1043 431 1106 511 plc-

123 535 250 596 rumque
271 519 300 577 in
323 516 433 578 eisdem
453 513 526 574 locis
547 515 657 593 operiri
685 515 781 584 iubet,
809 517 872 594 ipse
897 534 964 575 curn
986 514 1107 577 delectis

124 599 270 679 equitibus
289 599 436 661 Metellum
457 599 604 677 sequitur,
629 599 782 659 nocturnis
810 604 838 658 et
862 599 931 659 aviis
953 599 1108 661 itineribus

83 695 115 748 ιο
124 686 276 760 ignoratus
297 683 446 744 Romanos
472 681 596 759 palantis
621 690 745 760 repente
773 682 951 760 adgreditur.
993 682 1130 747 Eoruma

124 767 257 845 plerique
275 769 402 828 inermes
425 766 548 836 cadunt,
569 765 653 827 multi
675 769 843 843 capiuntur,
866 783 954 826 nemo
976 767 1108 827 omnium

125 854 250 911 intactus
271 850 411 930 profugit,
427 859 456 911 et
476 849 619 910 Numidae
640 851 724 928 prius
746 868 833 928 quarn
854 867 891 910 ex
912 851 1014 909 castris
1036 849 1108 909 sub·

125 936 284 1003 veniretur,
306 937 392 995 sicuti
412 935 482 994 iussi
504 941 596 1002 erant,
612 935 643 994 in
659 951 821 1010 proxumos
842 931 922 992 collis
944 932 1106 993 discedunt.

76 1022 115 1082 55
209 1017 330 1079 Interim
343 1017 455 1078 Romae
470 1016 609 1092 gaudium
624 1018 729 1093 ingens
749 1024 845 1077 ortum
861 1017 985 1091 cognitis
999 1015 1108 1077 Metelli

125 1103 231 1171 rebus,
251 1108 285 1162 ut
298 1116 389 1176 seque
404 1107 435 1157 et
449 1100 611 1157 exercitum
626 1114 710 1155 more
726 1098 870 1157 maiorum
885 1109 1012 1174 gereret,
1032 1107 1064 1159 ut
1076 1102 1107 1160 in
1118 1119 1144 1160 aa

130 1188 253 1247 advorso
264 1185 330 1244 loco
340 1185 433 1243 victor
443 1189 539 1242 tamen
548 1183 905 1251 virtutebrisset,hostium
916 1199 988 1260 agro
998 1185 1107 1261 potire·

125 1277 188 1337 tur,
209 1267 382 1344 Iugurtham
403 1265 590 1344 magnificum
612 1285 648 1328 ex
669 1266 735 1327 Auli
753 1265 848 1327 Albini
869 1267 1003 1327 socordia
1024 1284 1108 1345 spem

100 1351 226 1416 asaluus
240 1352 271 1411 in
285 1350 441 1411 solitudine
455 1356 506 1410 aut
521 1348 591 1426 suga
606 1352 749 1427 coegisset
761 1350 881 1410 babere.
908 1350 1009 1430 ltaque
1023 1368 1108 1413 seua·

127 1443 174 1496 tus
185 1435 222 1495 ob
236 1453 270 1496 ea
281 1434 404 1495 feliciter
416 1440 480 1494 acta
489 1433 552 1493 deis
566 1433 768 1494 inmortalibus
778 1432 921 1510 subplioia
935 1433 1106 1503 decernere,

128 1521 228 1580 civitas
248 1519 363 1596 trepida
377 1525 463 1578 antea
481 1524 510 1576 ot
526 1516 647 1577 sollicita
661 1517 697 1576 dc
713 1514 782 1576 belli
798 1524 903 1577 eventu
918 1517 993 1578 laeta
1008 1533 1144 1595 agere,1⁵

127 1604 164 1663 de
183 1602 299 1664 Metello
320 1602 396 1663 lama
417 1599 570 1679 praeclara
592 1618 663 1661 esse.

101 1698 117 1748 3
211 1686 303 1761 lgitur
321 1704 355 1744 eo
366 1686 504 1744 intentior
516 1682 553 1743 ad
568 1685 717 1744 victoriam
732 1685 792 1753 niti,
810 1685 946 1746 omnibus
956 1686 1051 1745 modis
1066 1685 1109 1746 le·

128 1770 252 1828 stinarc:
271 1785 374 1828 cavere
393 1773 506 1835 tamen,
529 1766 721 1826 necubihosti
733 1769 1024 1848 opportunuslieret,
1047 1785 1109 1829 rne-

100 1852 246 1911 aminisse
266 1857 333 1927 post
351 1849 475 1927 gloriam
494 1850 632 1911 inuidiam
652 1853 744 1930 sequi.
775 1851 818 1911 lta
832 1870 890 1931 quo
911 1852 1016 1914 clarior
1035 1859 1108 1922 erat,

128 1954 163 1996 eo
178 1938 270 2014 magis
283 1931 409 2016 [anime]
422 1936 526 1995 anxius
538 1942 610 2002 erat,
623 1952 720 2015 neque
736 1942 804 2015 post
818 1937 935 1997 insidias
949 1936 1144 2013 lugurthaeaa

129 2019 220 2080 effuso
243 2020 375 2080 exercitu
397 2018 549 2098 praedari:
578 2017 629 2078 ubi
657 2019 804 2080 frumento
831 2027 882 2080 aut
901 2018 1009 2098 pabulo
1035 2035 1109 2096 opus

129 2110 206 2170 erat,
236 2103 373 2163 cobortes
399 2120 467 2162 cum
492 2103 574 2162 omni
595 2104 723 2179 equitatu
749 2103 927 2180 praesidium
947 2102 1108 2181 agitabant:

101 2185 276 2247 oexcrcitus
295 2191 412 2263 partem
432 2186 509 2262 lpse,
532 2184 658 2245 relicuos
678 2184 786 2245 Marius
807 2186 941 2248 ducebat.
978 2188 1029 2249 Set
1049 2186 1111 2265 igni

101 2268 220 2345 dmagis
243 2285 330 2346 quam
352 2266 463 2345 praeda
484 2283 555 2344 ager
578 2268 755 2330 vastabatur.
804 2269 926 2331 Duobus
946 2271 1017 2332 locis
1038 2270 1110 2331 haut

102 2351 215 2429 llonge
235 2353 312 2412 inter
333 2369 366 2414 se
388 2357 483 2413 castra
505 2351 663 2414 iaciebant:
693 2352 745 2414 ubi
769 2355 797 2413 vi
826 2372 901 2432 opus
927 2362 990 2416 erat
1012 2355 1144 2416 cunctiaa

128 2436 258 2505 aderant,
276 2443 408 2498 ceterum
431 2453 489 2514 quc
512 2437 581 2515 fuga
603 2443 689 2517 atquc
711 2437 835 2498 lbrmido
857 2437 941 2499 latius
963 2445 1110 2500 cresceret

50 2563 52 2568 .
103 2521 236 2580 8divorsi
252 2520 387 2597 agebant.
409 2519 451 2579 Eo
467 2526 601 2598 tempore
614 2520 756 2599 Iugurtha
765 2540 820 2602 per
836 2521 917 2580 collis
928 2523 1019 2600 sequi,
1036 2529 1110 2582 tem·

128 2620 184 2680 pus
198 2609 248 2662 aut
262 2601 360 2662 locum
374 2619 491 2679 pugnae
507 2621 664 2681 quaerere,
688 2621 746 2682 qua
759 2611 915 2665 venturum
928 2603 1043 2664 hostem
1058 2621 1110 2664 au-

129 2685 222 2746 dierat
242 2685 383 2765 pabulum
401 2691 431 2746 et
452 2702 595 2764 aquarum
613 2686 710 2756 tontis,
733 2704 860 2767 quorum
877 2688 1018 2767 paenuria
1036 2693 1109 2757 erat,

129 2787 334 2847 conrumpere,
354 2768 442 2829 modo
464 2787 496 2831 se
513 2768 638 2839 Metello,
659 2771 807 2831 interdum
828 2771 920 2832 Mario
944 2771 1144 2840 ostenderem

128 2859 293 2929 postremos
312 2855 342 2912 iu
356 2854 473 2928 agmine
492 2860 636 2929 temptare
657 2872 692 2913 ac
713 2856 809 2914 statim
831 2856 861 2914 in
878 2852 959 2913 collis
980 2855 1108 2932 regredi,

128 2951 232 2995 rursus
244 2935 306 2994 aliis
330 2939 397 3011 post
410 2933 472 2992 aliis
487 2935 623 3003 minitari,
639 2952 735 3013 neque
745 2935 890 3013 proelium
904 2936 1002 2997 iacere
1013 2954 1110 3017 neque

129 3019 219 3079 otium
241 3018 314 3096 pati,
337 3022 450 3077 tantum
471 3016 559 3077 modo
580 3016 696 3079 hostem
719 3018 755 3079 ab
776 3019 892 3098 incepto
913 3022 1050 3083 retinere.

77 3104 118 3164 56
212 3102 362 3163 Romanus
376 3105 536 3182 imperator
549 3101 601 3163 ubi
623 3120 655 3164 se
680 3102 753 3164 dolis
783 3105 898 3184 fatigari
917 3105 995 3166 videt
1013 3121 1109 3182 neque

128 3186 165 3248 ab
188 3186 272 3248 hoste
294 3185 408 3263 copiam
429 3187 579 3264 pugnandi
598 3188 678 3258 fieri,
698 3187 804 3249 urbem
825 3206 960 3268 magnam
975 3195 1004 3249 et
1024 3189 1054 3247 in
1075 3204 1109 3247 ea
1118 3205 1144 3246 aa

128 3278 226 3349 parte,
243 3289 300 3351 qua
316 3268 369 3329 sita
385 3276 461 3338 erat,
486 3288 584 3332 arcem
600 3273 704 3348 regni,
726 3273 844 3333 nomine
857 3273 989 3340 Zamam,
1011 3272 1110 3331 statuit

129 3353 316 3432 obpugnare,
338 3359 433 3423 natue,
456 3354 485 3414 id
500 3355 579 3431 quod
600 3357 749 3434 negotium
771 3354 919 3433 poscebat,
938 3353 1110 3431 Iugurtham

126 3435 328 3499 laborantibus
348 3438 408 3498 suis
426 3435 532 3499 auxilio
556 3444 724 3510 venturum,
745 3438 843 3518 ibique
864 3436 1008 3516 proelium
1035 3438 1108 3500 lore.
