2392 3848
133 173 173 235 96
306 192 348 232 nn
369 191 471 233 annuo
493 191 692 234 waleranno
716 191 741 232 c.
765 185 806 238 93.
830 183 874 237 94.
896 185 940 238 95.

132 341 326 407 centuriones,
345 341 498 417 omnisque
512 340 611 416 Liguri
629 357 733 415 prarere
748 339 841 409 iubet,
864 349 892 400 et
930 343 955 399 ei
988 343 1106 416 negotio

79 425 119 486 94
131 441 305 500 proxumum
329 422 406 483 diem
421 423 576 483 constituit.
615 422 664 482 Set
687 421 736 482 ubi
758 440 794 482 ex
812 429 969 500 praecepto
992 428 1106 502 tempus

130 509 237 574 risum,
252 507 360 582 paratis
375 507 589 584 conpositisque
603 505 738 565 omnibus
753 505 788 566 ad
806 504 904 566 locum
918 506 1024 585 pergit.
1052 507 1104 567 Ce-

129 597 225 650 terum
246 589 301 659 illi,
323 591 373 666 qui
393 589 540 649 escensuri
558 596 654 658 erant,
675 588 825 667 praedocti
846 588 882 649 ab
905 589 994 657 duce,
1024 607 1104 650 arma

130 681 322 750 curatumque
344 678 540 741 mutaverant,
570 672 662 748 capite
682 678 768 750 atque
789 671 912 748 pedibus
936 671 1034 741 nudis,
1063 675 1127 733 utic

128 761 300 835 prospectus
321 756 460 833 nisusque
480 772 534 832 per
556 771 623 814 saxa
651 753 762 814 facilius
790 755 879 816 foret:
907 772 995 831 snper
1022 762 1105 831 terga

128 838 214 914 gladii
228 846 256 898 et
270 844 365 906 scuta,
381 856 483 899 uerum
498 856 531 898 ea
549 837 700 898 Numidica
717 856 752 899 ex
768 839 867 906 coriis,
884 838 1023 916 ponderis
1039 855 1104 916 gra·

102 923 166 981 atla
182 921 267 982 simul
286 929 313 981 et
333 921 454 981 oblensa
471 938 529 998 que
543 919 634 981 levius
650 927 822 999 streperent.
860 921 950 998 igitur
966 937 1104 998 praegre-

128 1005 209 1066 diens
224 1005 311 1083 ligus
326 1021 394 1064 saxa
409 1011 438 1065 et
459 1005 484 1063 si
499 1021 572 1082 quae
589 1005 723 1064 vetustae
735 1004 849 1065 radices
866 1002 1032 1065 eminebant
1064 1004 1105 1064 la-

128 1090 209 1165 queis
223 1086 375 1155 tinniebat,
397 1087 503 1166 quibus
519 1085 640 1147 adlevati
655 1086 760 1148 milites
775 1086 887 1148 facilius
902 1087 1101 1155 escenderent,
1113 1111 1138 1150 ro

127 1171 272 1231 interdum
289 1169 404 1230 timidos
426 1169 577 1230 insolentia
600 1171 709 1230 itineris
723 1169 820 1231 leuare
835 1189 938 1231 manu:
953 1170 1003 1231 ubi
1020 1169 1103 1247 paulo

128 1255 258 1329 asperior
276 1253 432 1313 adscensus
451 1262 529 1321 erat,
551 1250 680 1330 singulos
696 1271 767 1330 prae
782 1270 813 1316 se
832 1255 960 1315 inermes
979 1256 1103 1322 mittere,

129 1336 233 1396 deinde
247 1337 309 1413 ipse
326 1334 525 1397 conitiorum
540 1338 627 1396 armis
642 1337 739 1414 sequi:
755 1355 829 1416 quae
845 1337 932 1398 dubia
948 1339 1013 1397 nisu
1027 1336 1104 1397 ride·

128 1420 243 1488 bantur,
260 1421 436 1498 potissumus
450 1427 603 1498 temptare,
620 1436 654 1479 ae
671 1421 785 1496 saepius
801 1419 902 1480 eadem
923 1420 1105 1481 adscendens

128 1501 380 1580 descendensque,
409 1503 475 1563 dein
498 1505 591 1562 statim
620 1502 798 1580 digrediens,
822 1504 926 1563 ceteris
955 1502 1104 1564 audaciam
1116 1526 1139 1565 1³

103 1585 244 1651 aaddere.
276 1585 366 1664 Igitur
381 1585 429 1646 diu
445 1585 627 1663 multumque
648 1585 756 1662 fatigati
774 1586 890 1645 landem
905 1587 934 1645 iu
956 1584 1104 1646 castellum

128 1671 308 1745 perveniunt,
332 1668 480 1729 desertum
501 1667 537 1728 ab
557 1688 590 1727 ca
605 1677 696 1744 parte,
722 1668 799 1746 qued
822 1686 932 1740 omnes,
949 1671 1024 1729 sicut
1044 1668 1105 1728 aliis

128 1750 246 1819 diebus,
270 1751 425 1810 advorsum
447 1750 539 1810 hostis
560 1751 688 1812 aderant.
733 1751 841 1812 blarius
869 1751 919 1812 ubi
940 1771 975 1813 cx
997 1754 1105 1812 nuntiis

128 1851 203 1911 quae
225 1833 313 1908 ligus
338 1840 438 1909 egerat
459 1835 606 1910 cognorit,
631 1853 807 1912 quamquam
828 1842 888 1895 toto
911 1836 957 1896 die
979 1837 1105 1896 intentos

127 1915 238 1993 proelio
260 1916 398 1978 Numidas
418 1915 574 1986 habuerat,
595 1925 745 1978 tumuere
768 1919 936 1981 uelrortatus
950 1918 1055 1979 milites
1077 1927 1138 1982 etao

127 2003 188 2076 ipse
219 2008 299 2058 extra
328 2001 426 2058 vineas
455 2018 604 2075 egressus.
635 2004 784 2063 testudhre
812 2010 875 2062 acta
897 2002 1055 2063 succedere
1077 2009 1105 2063 et

127 2082 212 2143 simul
226 2082 340 2144 hostem
354 2084 506 2143 tormentis
518 2083 729 2161 sagittariisque
745 2089 773 2143 et
785 2083 980 2145 funditoribus
992 2087 1105 2146 emulus

101 2173 248 2224 tterrere.
287 2166 323 2225 ht
342 2164 484 2225 Numidae
504 2182 591 2241 saepe
606 2174 688 2225 antea
711 2168 800 2226 uineis
814 2165 1014 2229 Romanorum
1034 2167 1103 2229 sub-

128 2249 232 2317 versis,
253 2248 321 2308 itcm
341 2248 465 2308 incensis
480 2264 539 2306 nen
554 2246 662 2308 castelli
677 2249 830 2310 moenibus
844 2268 908 2312 sese
923 2251 1102 2321 tutabantur,

127 2340 170 2392 set
192 2349 245 2408 pro
265 2349 350 2392 mure
373 2330 434 2391 dies
451 2331 602 2400 noctisque
620 2333 741 2410 agitare,
764 2332 840 2394 male
854 2335 951 2396 dicere
966 2333 1138 2397 humanisaa

126 2415 261 2476 aehlario
275 2414 460 2475 vaecordiam
486 2413 646 2485 oblectare,
665 2416 803 2478 militibus
824 2419 930 2478 nostris
945 2417 1104 2496 Iugurthae

100 2500 275 2559 eservitium
290 2500 408 2569 minari,
424 2498 559 2560 secundis
573 2499 663 2560 rebus
679 2500 792 2562 seroces
808 2519 880 2564 esse.
904 2501 1024 2564 hiterhn
1041 2521 1103 2563 em·

125 2580 220 2649 nibus,
238 2580 375 2641 Romanis
390 2581 593 2660 hostibusque,
610 2582 722 2659 proelio
737 2585 863 2655 intentis,
879 2603 984 2664 magna
1001 2588 1103 2647 utrim-

126 2682 182 2741 que
197 2665 223 2724 vi
237 2681 292 2742 pro
307 2663 399 2741 gloria
414 2672 500 2742 atque
511 2666 638 2744 imperio
647 2665 700 2736 his,
716 2665 771 2726 illis
790 2686 845 2746 pro
860 2667 951 2730 salute
966 2671 1102 2731 certanti·

125 2745 188 2817 bus,
211 2752 332 2825 repente
354 2766 370 2807 a
392 2757 475 2828 terge
496 2749 579 2825 signa
599 2765 719 2810 canere:
742 2768 776 2811 ac
798 2753 893 2829 prime
915 2751 1053 2814 mulieres
1075 2762 1104 2815 et
1113 2778 1138 2820 se

124 2831 221 2905 pueri,
246 2832 295 2908 qui
309 2832 400 2891 risum
412 2840 631 2910 precesserant,
656 2833 774 2910 lugere,
799 2836 903 2896 deinde
924 2838 966 2897 uti
981 2839 1103 2916 quisque

124 2929 208 2970 urano
224 2929 385 2988 proxumus
400 2921 471 2982 erat,
488 2921 636 2991 pestremo
659 2917 765 2985 cuncti
783 2919 886 2978 armati
906 2920 1102 2998 inermesque.

97 2993 208 3064 eQuod
231 2992 282 3054 ubi
309 2994 428 3065 accidit,
451 3015 487 3058 eo
508 2996 604 3057 acrius
624 2995 748 3058 humani
769 3000 892 3072 instare,
923 3001 1046 3065 sundere
1069 3022 1103 3065 ac

124 3077 281 3156 pleresque
307 3086 419 3141 tantum
446 3081 533 3144 medo
555 3081 702 3152 sauciare,
731 3082 798 3145 dein
819 3102 908 3164 super
937 3089 1102 3149 occisorum

127 3179 251 3240 corpora
267 3164 387 3231 vadere,
407 3165 481 3227 avidi
495 3164 604 3243 gloriae
620 3174 765 3228 certantes
778 3189 895 3232 murum
908 3180 1026 3249 petere,
1048 3188 1100 3231 ne·
1111 3195 1135 3234 os

96 3254 181 3323 tque
196 3263 371 3326 quemquam
386 3249 515 3309 emnium
531 3251 641 3327 praeda
656 3253 774 3313 morari.
810 3253 858 3314 Sie
872 3253 948 3315 forte
963 3260 1099 3314 correcta

122 3326 195 3390 llari
216 3331 364 3392 temeritas
386 3330 508 3410 gloriam
531 3350 566 3392 ex
588 3333 672 3411 eulpa
695 3336 811 3398 inuenit.

72 3410 113 3470 95
208 3413 343 3475 Ceterum
365 3415 434 3476 dum
457 3434 490 3477 ea
511 3432 559 3476 res
580 3417 705 3494 geritur,
729 3420 760 3480 t.
777 3419 855 3482 Sulla
878 3427 1013 3498 quaestor
1033 3439 1101 3483 cum
