2392 3848
74 2376 207 2503 u»-

265 193 319 235 aiv
664 186 850 231 PRAEFATIO.

262 306 355 372 refingi
371 319 451 370 posse
466 304 586 355 arbitror:
604 327 637 340 —
653 318 714 363 sunt,
730 304 816 367 pretio
835 299 918 366 [uncis
930 300 980 351 hoc
996 301 1100 353 inclusit
1111 301 1144 370 1.]
1164 320 1177 353 s

264 376 320 425 titre
338 374 458 430 dominus,
476 378 558 421 tumen
575 372 692 421 restituo.
709 394 741 405 —
759 371 802 420 20.
823 371 889 429 Per,
913 369 983 430 quod
1005 378 1079 418 antea
1101 371 1177 419 addur

262 455 321 491 essa
341 439 486 505 suspicatus
509 452 590 500 eram,
617 452 685 485 nunc
705 436 800 495 ddevi,
829 450 887 485 curn
909 435 1065 485 tolerabilem
1087 448 1176 487 senten

265 515 367 572 recepto
385 520 419 555 ex
433 506 576 554 coniectura
587 511 687 568 coptum
697 504 736 553 r‘re
748 502 815 552 effici
826 503 969 553 arbitrarer.
979 527 1011 540 ·-
1028 505 1071 554 21.
1088 504 1174 556 Stt'rto

205 637 208 643 ,
264 574 364 626 Seiruo.
381 598 415 607 -
443 574 485 622 24.
503 572 638 636 labefactis
655 586 677 620 c.
690 567 721 634 1.]
736 570 884 634 patefactis.

329 637 383 693 Or·
395 635 478 691 Phil.
495 641 521 689 t.
540 637 571 689 ob
582 638 717 700 benefacto
727 651 750 687 c.
763 634 795 702 t]
815 637 846 688 ob
858 637 986 700 benefacti
996 634 1093 686 *****.
1106 664 1139 674 -
1151 640 1176 689 7.

262 722 309 773 pro
328 720 378 769 quo
395 707 415 755 Ι.
433 721 491 755 cum
508 706 603 755 Kritaio
622 711 680 755 tuno
696 704 808 769 scripsit,
826 702 928 754 defendi
945 719 1034 769 posse,
1052 715 1090 754 set
1102 705 1177 754 multo

261 775 303 840 gis
321 789 372 824 non
388 787 446 823 cum
464 770 550 823 Curtio
566 772 731 821 inserundnm
744 785 801 821 esse
813 772 952 820 etiamnum
963 772 1080 821 arbitror.
1097 796 1128 806 «-
1147 775 1171 822 9.

262 854 418 903 quamquam
435 838 460 889 V
477 855 509 889 ne
530 839 647 898 exhibet,
670 839 754 904 magis
777 838 840 888 mihi
861 837 966 902 placuit.
993 862 1027 874 -
1052 840 1093 888 12.
1118 838 1177 896 Quot

263 908 349 958 locum
366 905 555 966 Demosthenis,
582 920 657 968 quem
674 903 795 954 Sallustio
815 905 846 954 ob
866 904 953 955 oculos
970 914 1100 954 vorsatum
1123 920 1177 955 esse

265 974 358 1024 clarius
377 981 424 1034 est,
442 973 503 1022 olim
520 974 617 1022 conieci
633 974 767 1029 intuentes,
793 971 820 1020 ἰὰ
830 971 930 1020 Halmio
948 982 1066 1022 monente
1082 987 1177 1022 nuncu

266 1045 340 1091 tanto
357 1038 527 1105 subplcndum
544 1036 641 1103 putavi.
663 1062 697 1077 ·-
719 1039 760 1089 l'l.
779 1034 940 1103 mehercules]
967 1038 1104 1088 mehercule
1121 1040 1141 1088 1.
1159 1065 1177 1075 -

269 1102 395 1173 obrepsit]
414 1107 434 1156 l.
453 1120 486 1154 ex
503 1106 527 1154 V
545 1105 680 1168 obpressit.
696 1128 730 1143 -
748 1105 790 1155 21.
808 1104 904 1168 uestra]
922 1112 1011 1156 nostro
1028 1104 1048 1158 1.

332 1170 386 1226 Or·
405 1169 486 1226 0011.
513 1173 540 1223 9.
563 1172 670 1237 Inpem'o
692 1173 811 1238 corporis
832 1186 883 1233 quo
906 1172 983 1222 modo
1009 1171 1069 1222 ferri
1091 1176 1175 1238 possit

264 1240 351 1291 video.
387 1239 485 1288 Memor
501 1238 552 1288 loci
568 1239 707 1303 lug.1⁷,6
724 1253 793 1289 nunc
809 1241 880 1289 senio
899 1239 1008 1288 scribere
1026 1254 1104 1289 ausus
1123 1257 1177 1291 snm

331 1303 388 1372 Ep·
405 1303 512 1371 Pomp.
535 1299 757 1372 arcumen]
779 1306 828 1355 buc
847 1307 883 1360 t‘n.
907 1330 941 1342 ·-
966 1309 990 1357 3.
1010 1306 1169 1358 Iacetanium

264 1372 405 1425 secundum
422 1372 536 1422 Hfibncri
553 1372 755 1422 emendationem
772 1372 868 1434 (Herm.
881 1372 930 1423 111
948 1388 975 1437 p.
989 1375 1039 1424 335
1049 1371 1116 1438 sq.)]
1143 1377 1177 1425 Lu

264 1443 337 1492 uriam
355 1466 391 1477 -
407 1441 432 1491 9.
450 1434 512 1505 quo]
532 1455 596 1504 qaae
613 1440 633 1491 l.

331 1502 384 1560 Or·
401 1502 497 1558 Maur·
524 1507 549 1557 5.
567 1505 733 1570 Participinm
755 1520 843 1570 pass„
870 1506 904 1555 ad
925 1506 995 1567 quod
1018 1505 1146 1557 referundi
1168 1524 1177 1557 ε

264 1572 377 1633 ablativi,
396 1582 463 1623 recte
480 1572 571 1622 abesse
588 1572 651 1622 mihi
669 1572 782 1622 nondum
798 1587 960 1637 persuasum.
978 1597 1012 1609 -
1033 1573 1177 1625 Emendatit

265 1655 344 1710 qnam
354 1639 442 1703 Mihly
458 1639 605 1704 proposuit,
623 1641 708 1689 tacent
724 1639 827 1702 retinui,
845 1653 891 1688 nec
902 1641 986 1688 minus
1005 1640 1030 1689 8.
1048 1643 1146 1692 scilicet
1161 1657 1177 1707 p

265 1716 396 1767 novatum,
414 1715 492 1767 atque
509 1707 540 1755 11
559 1708 586 1754 in
597 1720 641 1756 uos
657 1705 881 1771 pruinosum-
900 1708 941 1757 tt.
960 1708 1120 1758 omittundum
1132 1709 1177 1757 Art

264 1766 426 1838 auctoritate]
445 1773 606 1822 omittundum
622 1771 642 1821 l.
660 1797 693 1808 -
719 1772 758 1821 lb.
777 1779 827 1822 tum
848 1773 944 1823 omisso
968 1774 1053 1822 omnia
1075 1784 1141 1825 recte
1161 1784 1177 1824 tt

265 1855 324 1891 essa
341 1840 465 1890 Krituium
482 1852 534 1888 non
551 1847 603 1888 tam
620 1837 694 1887 iacile
710 1839 856 1899 concedam,
874 1854 951 1903 quam
967 1843 1085 1905 patriciis
1102 1843 1133 1891 ab
1145 1842 1177 1891 Mt

265 1920 330 1957 seno
347 1905 481 1957 defensum
492 1904 663 1955 reducendum
674 1903 763 1956 inisse.
775 1932 808 1942 -
826 1908 866 1959 17.
882 1908 993 1971 cupiatis
1004 1922 1026 1957 c.
1040 1904 1072 1973 1.]
1093 1910 1177 1973 cupiat

265 1975 309 2029 28.
326 1974 501 2024 restituendae
518 1972 608 2023 abesse
625 1987 704 2037 posse
721 1973 784 2022 mihi
801 1973 914 2023 nondum
932 1988 1094 2039 persuasum.

333 2037 390 2105 Ep·
403 2034 511 2091 intur.
531 2041 572 2090 ts.
592 2042 666 2104 coepi
682 2035 751 2107 c.1.]
771 2041 837 2103 cept.
848 2065 880 2075 -
900 2042 940 2090 14.
957 2040 986 2088 ln
1004 2054 1034 2090 ea
1051 2042 1176 2091 sententia

267 2104 346 2165 sisto,
377 2115 405 2155 ut
426 2106 643 2171 praepositionem
666 2107 737 2170 apud
756 2107 895 2156 secuudum
918 2116 1077 2157 constantem
1099 2109 1177 2174 script

268 2186 354 2232 nsum,
371 2170 423 2222 nisi
440 2173 498 2233 quis
516 2169 666 2221 Sallustium
687 2187 729 2221 res
750 2186 841 2236 parum
863 2174 980 2238 cognitas
1002 2174 1123 2225 habuisse
1144 2186 1177 2225 ste

267 2236 350 2303 malit,
367 2238 535 2303 repetandam
551 2236 632 2287 luisse
649 2240 763 2289 arbitrer.
786 2265 818 2276 —
846 2241 887 2290 16.
909 2240 948 2289 nb
965 2256 1046 2304 paruo
1064 2241 1150 2293 labore
1173 2258 1177 2288 t

268 2305 375 2357 removi.
398 2329 432 2342 -
454 2307 495 2356 1⁷.
517 2306 543 2356 ot’
561 2302 674 2371 partum]
702 2312 803 2370 ruptum
823 2320 846 2356 o.
864 2304 946 2357 Ciacc.
963 2306 983 2358 1.
1027 2307 1092 2357 Tum
1114 2325 1168 2358 cum

269 2371 434 2422 adiciunrlnm
450 2386 612 2433 censueram,
639 2386 740 2422 rursum
758 2372 851 2434 deleri,
877 2383 918 2425 set
938 2387 986 2440 pro
999 2382 1074 2439 peste
1092 2377 1177 2427 scribe:

269 2454 327 2491 esse
339 2442 412 2505 pesti
426 2441 542 2492 conicere
557 2453 610 2490 non
627 2441 721 2490 veritus
738 2453 805 2492 snm.
