2392 3848
152 200 211 260 116
418 214 598 258 oasrrouns
618 215 658 254 nr
683 214 861 257 uersentur

150 383 214 425 rem
227 362 374 441 publicam
386 362 451 423 fuso
462 363 620 437 sanguine?
636 363 743 426 Fessus
753 363 911 424 scribundo
924 362 1129 441 mittundoque

150 455 261 524 legatos
283 447 376 505 omnis
397 463 468 522 opes
483 452 511 505 et
529 463 596 521 spes
617 450 743 522 privatas
763 464 842 507 meas
860 447 1035 524 consumpsi,
1060 464 1129 507 cum

151 532 268 591 interim
286 549 302 589 a
323 530 404 589 vobis
424 546 478 608 per
498 529 658 588 triennium
677 533 723 591 vix
750 547 864 590 annuus
886 537 1020 606 sumptus
1043 530 1130 591 datus

116 620 204 680 aest.
223 613 281 673 Per
303 613 374 672 deos
393 609 565 678 inmortalis,
588 617 688 673 utrum
712 614 835 673 censetis
852 631 900 672 me
919 614 1013 673 vicem
1033 617 1130 675 aerari

150 704 310 776 praestare,
328 714 365 755 an
384 695 543 755 exercitum
562 695 625 755 sine
643 695 789 756 frumento
807 703 836 755 et
853 696 996 772 stipendio
1017 695 1151 759 haberes

117 781 256 859 apossei
293 778 436 856 Equidem
456 778 549 837 fateor
565 795 614 838 me
634 779 670 838 ad
693 779 749 838 hoc
768 777 877 838 bobum
898 780 1009 839 maiore
1032 780 1129 840 studio

152 881 240 942 quam
258 861 376 923 oonsilio
391 860 569 938 proiectum:
592 863 699 939 quippe
715 863 765 939 qui
784 863 903 921 nomine
925 861 1011 921 modo
1020 865 1129 940 imperi

151 965 168 1007 a
189 945 270 1006 vobis
292 952 412 1022 accepto
430 943 531 1004 diebus
551 945 741 1021 quadraginta
763 945 923 1005 exercitum
942 947 1050 1023 paravi,
1072 944 1127 1004 ho·

152 1032 261 1108 stisque
290 1030 320 1088 in
344 1027 506 1088 cervicibus
531 1029 589 1087 iam
617 1027 716 1087 ltaliae
742 1029 854 1104 agentis
880 1026 917 1087 ab
947 1026 1067 1102 Alpibus
1095 1030 1126 1086 in

151 1114 319 1189 Hispaniam
350 1111 490 1171 submovi.
531 1111 587 1170 Per
610 1128 659 1170 eas
679 1112 735 1170 iter
763 1111 840 1170 aliud
862 1118 947 1187 atque
967 1108 1124 1182 Hannibal,
1136 1127 1161 1164 1o

119 1215 136 1265 b
153 1195 237 1255 nobis
246 1195 449 1272 opportunius,
465 1195 601 1272 patefeci.
625 1193 736 1268 Recepi
748 1191 870 1253 Galliam
880 1192 1123 1272 Pyrenaeumla-

154 1280 295 1338 eetaniam
314 1276 460 1353 Indigetis,
483 1283 511 1336 et
531 1277 658 1354 primum
676 1279 806 1354 inpetum
818 1276 931 1337 Sertori
943 1272 1058 1335 victoris
1071 1290 1124 1333 no-

152 1363 195 1421 vis
209 1359 347 1421 militibus
365 1367 393 1419 et
410 1360 501 1418 multo
517 1359 703 1437 paucioribus
723 1361 850 1423 sustinui
877 1358 1061 1436 hiememque
1080 1374 1127 1417 ca·

153 1446 220 1505 stris
247 1445 322 1504 inter
342 1445 534 1503 saevissumos
555 1443 654 1511 bostis,
682 1461 742 1502 non
768 1461 822 1520 per
846 1442 953 1520 oppida
974 1458 1071 1519 neque
1093 1459 1130 1500 ex

120 1528 311 1595 cambitione
328 1545 393 1588 mea
411 1530 466 1605 egi.
503 1525 579 1594 Quid
604 1525 710 1587 deiude
731 1526 841 1604 proelia
864 1532 914 1585 aut
934 1524 1166 1603 expeditionesrs

155 1612 307 1680 hibernas,
337 1611 443 1688 oppida
471 1611 566 1670 excisa
590 1618 639 1669 aut
665 1618 783 1686 recepta
802 1608 991 1669 enumerem?
1014 1608 1131 1686 quando

154 1713 203 1755 res
224 1693 289 1772 plus
308 1694 384 1753 valet
405 1712 492 1772 quam
513 1693 612 1753 rerba.
651 1692 751 1752 Castra
775 1693 901 1751 hostium
923 1691 1000 1770 apud
1023 1691 1131 1752 Sucro·

154 1796 222 1837 nem
236 1783 319 1854 capta
333 1783 362 1836 et
377 1777 521 1853 proelium
540 1775 617 1852 apud
633 1775 743 1837 flumen
758 1776 877 1836 Turiam
888 1781 918 1835 et
930 1774 988 1834 dux
1003 1775 1132 1835 hostium

156 1860 363 1922 G.Herennius
378 1877 445 1919 cum
459 1858 534 1920 urbe
545 1858 673 1920 Valentia
688 1866 717 1919 et
726 1860 856 1921 exercitu
871 1856 958 1918 deleti
972 1860 1040 1917 satis
1052 1857 1131 1919 clara

156 1944 236 2003 vobis
249 1950 331 2003 sunt:
351 1961 406 2021 pro
429 1945 508 2021 quis,
533 1963 549 2002 o
566 1945 641 2018 grati
661 1950 768 2020 patres,
793 1947 951 2019 egestatem
973 1948 1002 2001 et
1023 1941 1170 2005 lamemoo

156 2026 283 2087 redditis.
306 2026 408 2103 ltaque
422 2045 488 2086 meo
507 2035 535 2086 et
549 2026 675 2086 hostium
698 2027 838 2087 exercitui
856 2042 909 2101 par
924 2025 1049 2083 conditio
1072 2034 1131 2084 est:

9 2106 13 2187 f
122 2128 137 2174 τ
156 2127 281 2186 namque
299 2109 475 2184 stipendium
487 2111 585 2168 neutri
600 2110 700 2169 datur:
722 2111 814 2168 victor
833 2115 958 2184 uterque
972 2107 1001 2164 in
1020 2106 1133 2168 ltaliam

9 2236 12 2241 -
122 2206 139 2256 8
156 2192 255 2252 venire
276 2196 380 2267 potest.
403 2190 488 2260 Quod
503 2207 557 2266 ego
572 2209 624 2249 vos
640 2208 745 2249 moneo
764 2208 930 2269 quaesoque
951 2197 984 2250 ut
1003 2191 1132 2251 animad-

156 2276 283 2343 vortatis,
304 2291 363 2334 neu
382 2275 491 2350 cogatis
503 2274 723 2334 necessitatibus
735 2275 869 2354 privatim
884 2273 955 2334 mibi
968 2272 1130 2334 consulere.

7 2400 11 2445 :
123 2359 324 2436 offispaniam
345 2359 527 2428 citeriorem,
550 2378 607 2438 qua
628 2377 687 2419 non
712 2358 748 2418 ab
773 2359 905 2419 hostibus
925 2364 1055 2425 tenetur,
1078 2374 1169 2419 nosos

158 2449 207 2502 aut
227 2442 373 2502 Sertorius
395 2441 431 2501 ad
457 2443 686 2504 internecionem
706 2444 879 2503 vastavimus
904 2447 1022 2518 praeter
1044 2444 1132 2500 mari·

158 2534 253 2585 tumas
268 2526 403 2592 civitates,
420 2523 497 2584 ultro
512 2527 597 2586 nobis
613 2527 741 2603 sumptui
759 2526 907 2601 onerique.
938 2521 1029 2582 Gallia
1047 2541 1133 2601 supe-

157 2609 236 2668 riore
257 2625 334 2667 anno
356 2606 464 2667 Metelli
486 2611 647 2669 exercitum
666 2607 809 2684 stipendio
831 2606 1037 2681 frumentoque
1064 2604 1134 2663 aluit

159 2699 187 2751 et
206 2709 286 2751 nunc
306 2689 389 2750 malis
410 2688 553 2751 fructibus
575 2694 636 2769 ipsa
657 2692 704 2751 vix
725 2691 821 2766 agitat.
844 2688 906 2766 Ego
927 2705 988 2747 non
1007 2706 1071 2748 rem
1090 2685 1132 2747 la·

5 2752 10 2791 ³
112 2790 141 2841 ιο
158 2773 301 2833 miliarem
318 2774 415 2842 modo,
437 2777 640 2835 verumetiam
658 2774 746 2833 fidem
760 2772 936 2850 consumpsi.
958 2769 1072 2832 Relicui
1083 2787 1167 2831 vosso

160 2858 246 2915 estis:
269 2857 318 2931 qui
339 2856 394 2912 nisi
408 2855 576 2923 subvenitis,
596 2859 684 2914 invito
713 2864 741 2913 et
768 2857 953 2932 praedicente
981 2873 1028 2913 me
1050 2870 1133 2912 exer-

160 2939 233 2996 citus
254 2935 322 2995 hinc
345 2942 373 2994 et
398 2952 464 2994 oum
493 2952 527 2994 eo
550 2953 635 2995 omne
661 2934 770 2994 bellum
798 2937 953 3012 Hispaniae
974 2937 1003 2993 in
1023 2935 1134 2996 Italiam

162 3019 423 3096 transgredientur.

371 3154 472 3213 Oratio
492 3155 594 3214 Moeri
610 3156 675 3214 trib.
691 3155 771 3229 pleb.
794 3154 837 3212 ad
849 3154 929 3228 pleb.

562 3252 607 3317 (Η.
626 3255 667 3304 111
684 3252 736 3317 or).

132 3373 142 3422 ι
244 3357 275 3416 Si
313 3353 453 3422 Quirites,
475 3371 580 3430 parum
602 3354 829 3418 existumaretis,
867 3351 935 3427 quid
961 3351 1097 3409 interius
1119 3365 1170 3408 aas

160 3438 320 3499 maioribus
337 3437 470 3498 relictum
492 3436 573 3497 vobis
595 3445 624 3497 et
641 3435 698 3496 boc
717 3453 733 3495 a
748 3434 828 3496 Sulla
841 3442 975 3513 paratum
989 3434 1137 3492 servitium
