2392 3848
184 183 242 239 114
451 197 635 239 onnrrorrus
657 198 698 237 au
717 197 897 239 arrarum

152 341 155 347 ’
180 353 244 407 tur:
275 346 333 405 iam
355 343 418 412 illa,
451 361 526 421 quae
547 345 681 405 socordia
703 351 799 404 vostra
821 342 951 404 conlecta
975 352 1056 413 sunt,
1087 345 1161 406 dila·

180 428 296 489 bentur.

129 531 163 581 ῃ
264 510 383 580 Quare
407 511 447 569 ita
477 528 598 572 censeo:
629 512 767 589 quoniam
793 511 829 570 bl.
854 512 979 590 Lepidus
998 513 1161 575 exercitum

182 597 292 673 privato
321 592 441 654 consilio
468 602 602 670 paratum
632 613 698 655 cum
725 596 870 671 pessumis
897 602 926 654 et
953 594 1085 654 hostibus
1116 599 1163 656 rei

179 678 315 755 publicae
331 683 433 737 contra
446 676 533 736 huius
548 677 658 737 ordinis
670 679 872 738 auctoritatem
890 678 926 738 ad
940 677 1045 738 urbem
1069 678 1161 749 ducit,
1177 702 1191 742 e

179 763 222 821 uti
249 762 359 838 Appius
382 759 517 819 Claudius
539 761 668 820 interrex
698 779 764 822 cum
785 761 819 832 Q.
843 761 943 822 Catulo
962 779 1017 839 pro
1039 762 1163 823 consede

180 852 209 904 et
222 846 326 905 ceteris
340 841 445 921 quibus
454 847 612 923 imperium
623 851 666 904 est
687 844 755 904 urbi
776 844 921 922 praesidio
940 847 1006 913 sint,
1024 863 1162 924 operam·

179 946 236 1006 que
259 928 328 987 dent
349 944 386 986 ne
409 926 478 1004 quid
499 925 679 1006 respublica
695 928 862 988 detrImenti
884 930 986 1005 capiat.

246 1112 346 1172 Oratio
370 1113 403 1170 G.
428 1111 525 1171 Cottae
543 1114 671 1171 consulis
691 1113 735 1171 od
757 1115 898 1186 populum
919 1112 1094 1172 Romanum.
1167 1120 1195 1161 1⁰

145 1276 157 1326 r
263 1261 397 1331 Quirites,
420 1261 510 1322 multa
531 1263 601 1322 mihi
614 1263 744 1339 pericrda
760 1265 838 1324 domi
858 1263 1048 1343 militiaeque,
1067 1260 1157 1322 multa

179 1347 300 1406 advorsa
317 1345 408 1414 luere,
425 1362 551 1424 quorum
566 1345 620 1406 alia
636 1345 764 1416 toleravi,
779 1348 885 1425 partim
903 1347 1019 1427 reppuli
1036 1348 1160 1408 deorum

179 1430 291 1490 auxiliis
314 1435 342 1489 et
356 1431 461 1489 virtute
481 1447 561 1490 mea:
584 1433 614 1490 in
634 1431 698 1508 quis
713 1431 848 1492 omnibus
862 1449 1022 1511 numquam
1044 1432 1161 1490 animus

179 1516 295 1588 negotio
314 1511 413 1581 deluit,
441 1530 538 1591 neque
558 1513 683 1574 decretis
705 1515 802 1577 labos:
830 1515 923 1577 malae
954 1513 1196 1592 secundaequer

145 1604 162 1651 2
179 1614 227 1656 res
250 1614 335 1673 opes,
362 1614 421 1655 non
441 1597 591 1673 ingenium
612 1598 683 1658 mihi
704 1599 865 1660 mutalmnt.
881 1600 918 1659 tt
936 1605 1038 1661 contra
1058 1598 1088 1656 in
1111 1597 1160 1656 his

179 1681 303 1739 miseriis
325 1686 429 1739 cuncta
450 1699 497 1740 me
519 1699 585 1741 cum
609 1681 724 1742 fortuna
747 1684 913 1744 deseruere.
934 1684 1091 1743 Praeterea
1111 1696 1161 1740 se-

179 1772 295 1830 nectus,
328 1780 382 1840 per
411 1780 443 1822 se
470 1767 581 1838 gravis,
604 1781 706 1824 curam
734 1765 876 1844 duplicat,
901 1769 948 1827 cui
969 1767 1077 1826 misero
1095 1772 1162 1831 acta

145 1849 161 1901 3
178 1846 236 1905 iam
254 1851 348 1906 aetate
366 1863 404 1906 no
420 1853 545 1907 mortem
558 1849 676 1924 quidem
688 1848 841 1909 honestam
855 1867 975 1926 sperare
988 1849 1065 1909 licet.
1084 1848 1161 1909 Num

179 1930 204 1988 si
225 1930 354 2006 paricida
371 1931 461 1989 vostri
477 1948 542 1991 sum
557 1940 586 1991 et
601 1932 647 1992 bis
662 1935 775 2009 genitus
788 1933 836 1993 hic
854 1934 924 1993 deos
940 1934 1054 2011 penatis
1076 1949 1161 1993 meos
1171 1953 1195 1993 22

178 2015 360 2091 patriamque
378 2019 406 2072 et
431 2031 577 2074 summum
597 2019 754 2094 imperium
773 2016 836 2076 vilia
860 2016 970 2085 habeo,
1000 2017 1065 2093 quis
1087 2016 1163 2077 mihi

180 2097 241 2154 viro
271 2098 418 2156 cruciatus
446 2100 515 2157 satis
541 2105 584 2158 est
611 2107 662 2158 aut
687 2117 762 2177 quae
787 2116 882 2174 poena
915 2099 1051 2159 mortuo?
1089 2102 1162 2177 quin

180 2179 276 2237 onmia
297 2186 459 2238 memorata
482 2181 559 2258 apud
583 2181 693 2240 inferos
714 2181 856 2259 subplicio
876 2180 987 2242 scelere
1004 2199 1071 2242 meo
1093 2185 1159 2243 vici.

145 2269 161 2317 t
179 2262 204 2321 t
222 2262 315 2339 prima
344 2260 539 2324 adulescentia
568 2264 598 2324 in
627 2282 678 2326 ore
697 2271 796 2327 vostro
814 2267 943 2343 privatus
965 2273 995 2326 et
1015 2268 1045 2325 in
1066 2268 1159 2342 magi·

18 2344 85 2357 ’““““
179 2345 317 2406 stratibus
340 2347 400 2423 egi:
429 2349 478 2426 qui
499 2347 615 2425 lingua,
647 2351 697 2428 qui
719 2349 838 2410 consilio
858 2368 941 2418 meo,
963 2351 1013 2428 qui
1033 2351 1160 2427 pecunia
1187 2392 1191 2403 .

180 2428 311 2498 voluere,
341 2431 386 2490 usi
408 2438 490 2492 sunt:
517 2451 614 2512 neque
641 2450 695 2510 ego
719 2434 852 2494 callidam
873 2433 1039 2493 facundiam
1060 2450 1159 2510 neque

179 2513 325 2589 ingenium
340 2513 463 2575 admale
477 2516 645 2577 faciundum
666 2518 799 2578 exercui:
819 2517 1009 2576 avidissumus
1028 2516 1159 2591 privatae

181 2598 290 2675 gratiae
310 2615 462 2657 maxumas
481 2600 645 2661 inimicitias
666 2619 722 2679 pro
744 2618 778 2659 re
803 2598 919 2677 publica
939 2599 1069 2674 suscepi:
1092 2599 1158 2672 quis

177 2682 270 2741 rictus
292 2700 360 2742 cum
381 2681 429 2742 illa
452 2682 545 2751 simul,
561 2702 628 2744 cum
650 2700 738 2760 egens
761 2681 871 2744 alienae
890 2682 953 2760 opis
974 2679 1060 2758 plura
1081 2678 1157 2737 mala

180 2772 380 2844 expectarem,
410 2784 475 2835 vos,
500 2766 634 2837 Quirites,
660 2784 763 2827 rursus
785 2766 856 2827 mihi
877 2765 1002 2845 patriam
1027 2764 1157 2840 deosque
1166 2781 1193 2823 eo

146 2855 162 2905 b
179 2850 291 2923 penatis
311 2866 378 2906 cum
395 2851 505 2922 ingenti
525 2850 661 2923 dignitate
682 2851 810 2908 dedistis.
829 2850 887 2909 Pro
900 2849 1006 2926 quibus
1018 2846 1158 2906 benificiis

179 2929 226 2987 vix
244 2929 312 2986 satis
332 2934 433 3002 gratus
453 2929 561 2996 videar,
584 2931 608 2988 si
626 2929 747 3004 singulis
769 2932 904 2998 animam,
929 2946 1017 3008 quam
1031 2945 1156 3007 nequeo,

180 3011 384 3071 concesserim.
403 3010 476 3072 Nam
491 3012 547 3071 rita
563 3018 592 3072 et
611 3029 691 3072 mors
712 3013 776 3072 iura
794 3019 917 3073 naturae
938 3020 1020 3072 sunt:
1045 3021 1078 3072 ut
1096 3012 1158 3070 sine

180 3094 324 3156 dedecore
337 3113 404 3156 eum
417 3097 526 3158 civibus
538 3097 614 3158 fama
632 3103 660 3158 et
671 3095 794 3158 fortunis
811 3098 923 3176 integer
937 3113 1014 3174 agas,
1036 3096 1064 3155 id
1080 3095 1157 3154 douo

180 3180 265 3241 datur
288 3184 374 3258 atque
397 3183 547 3260 accipitur.
1167 3200 1193 3241 ee

145 3283 164 3330 o
265 3262 405 3325 Consules
426 3283 480 3325 nos
509 3264 631 3336 lecistis,
654 3266 794 3337 QuiriteS,
830 3265 907 3324 domi
928 3262 1054 3340 bellique
1075 3263 1156 3339 inpe-

182 3349 330 3410 ‹titissuma
342 3367 375 3411 re
393 3349 518 3429 publica.
534 3347 665 3428 Namque
679 3347 1032 3428 imperatoresHispaniae
1048 3348 1157 3423 stipen-

181 3430 261 3491 dium
289 3433 408 3504 milites,
432 3450 513 3495 arma
534 3432 715 3493 frumentum
737 3439 877 3509 poscunt:
907 3438 936 3490 et
954 3429 983 3489 id
1004 3447 1053 3491 res
1069 3431 1159 3506 cogit>
