<?xml version="1.0" encoding="UTF-8"?>
<!DOCTYPE html PUBLIC "-//W3C//DTD XHTML 1.0 Transitional//EN"
    "http://www.w3.org/TR/xhtml1/DTD/xhtml1-transitional.dtd">
<html xmlns="http://www.w3.org/1999/xhtml" xml:lang="en" lang="en">
 <head>
  <title>
</title>
<meta http-equiv="Content-Type" content="text/html;charset=utf-8" />
  <meta name='ocr-system' content='tesseract 3.04.00' />
  <meta name='ocr-capabilities' content='ocr_page ocr_carea ocr_par ocr_line ocrx_word'/>
</head>
<body>
  <div class='ocr_page' id='page_1' title='image "./libridecatilina00sallgoog_0094.png"; bbox 0 0 2392 3848; ppageno 0'>
   <div class='ocr_carea' id='block_1_1' title="bbox 297 209 1072 270">
    <p class='ocr_par' dir='ltr' id='par_1_1' title="bbox 297 209 1072 270">
     <span class='ocr_line' id='line_1_1' title="bbox 297 209 1072 270; baseline 0.005 -7"><span class='ocrx_word' id='word_1_1' title='bbox 297 224 340 263; x_wconf 80' lang='lat' dir='ltr'><strong>en</strong></span> <span class='ocrx_word' id='word_1_2' title='bbox 360 222 462 264; x_wconf 80' lang='lat' dir='ltr'><strong>senno</strong></span> <span class='ocrx_word' id='word_1_3' title='bbox 484 223 683 267; x_wconf 79' lang='lat' dir='ltr'><strong>rvevuuuruo</strong></span> <span class='ocrx_word' id='word_1_4' title='bbox 707 223 735 266; x_wconf 88' lang='lat' dir='ltr'><strong>e.</strong></span> <span class='ocrx_word' id='word_1_5' title='bbox 755 215 799 269; x_wconf 85' lang='lat'><strong>60.</strong></span> <span class='ocrx_word' id='word_1_6' title='bbox 822 218 864 270; x_wconf 84' lang='lat'><strong>61.</strong></span> <span class='ocrx_word' id='word_1_7' title='bbox 1032 209 1072 268; x_wconf 72' lang='grc'><strong>76</strong></span> 
     </span>
    </p>
   </div>
   <div class='ocr_carea' id='block_1_2' title="bbox 17 368 1180 2448">
    <p class='ocr_par' dir='ltr' id='par_1_2' title="bbox 91 368 1097 532">
     <span class='ocr_line' id='line_1_2' title="bbox 93 368 1097 450; baseline 0 -20"><span class='ocrx_word' id='word_1_8' title='bbox 93 370 204 430; x_wconf 83' lang='lat' dir='ltr'><strong>avidius</strong></span> <span class='ocrx_word' id='word_1_9' title='bbox 226 369 309 433; x_wconf 90' lang='lat' dir='ltr'><strong>alteri</strong></span> <span class='ocrx_word' id='word_1_10' title='bbox 329 368 436 430; x_wconf 90' lang='lat' dir='ltr'><strong>alteros</strong></span> <span class='ocrx_word' id='word_1_11' title='bbox 459 373 589 432; x_wconf 83' lang='lat' dir='ltr'><strong>sauciare</strong></span> <span class='ocrx_word' id='word_1_12' title='bbox 612 389 699 450; x_wconf 86' lang='lat' dir='ltr'><strong>quam</strong></span> <span class='ocrx_word' id='word_1_13' title='bbox 719 378 811 432; x_wconf 92' lang='lat' dir='ltr'><strong>semet</strong></span> <span class='ocrx_word' id='word_1_14' title='bbox 826 379 942 448; x_wconf 86' lang='lat' dir='ltr'><strong>tegere:</strong></span> <span class='ocrx_word' id='word_1_15' title='bbox 961 372 1097 433; x_wconf 70' lang='lat' dir='ltr'><strong>clamore</strong></span> 
     </span>
     <span class='ocr_line' id='line_1_3' title="bbox 91 452 1072 532; baseline 0.004 -19"><span class='ocrx_word' id='word_1_16' title='bbox 91 455 253 531; x_wconf 85' lang='lat' dir='ltr'><strong>permixtus</strong></span> <span class='ocrx_word' id='word_1_17' title='bbox 263 454 426 514; x_wconf 75' lang='lat' dir='ltr'><strong>hortatione</strong></span> <span class='ocrx_word' id='word_1_18' title='bbox 440 452 546 515; x_wconf 89' lang='lat' dir='ltr'><strong>laetitia</strong></span> <span class='ocrx_word' id='word_1_19' title='bbox 562 457 680 531; x_wconf 88' lang='lat' dir='ltr'><strong>gemitu,</strong></span> <span class='ocrx_word' id='word_1_20' title='bbox 693 457 762 516; x_wconf 91' lang='lat' dir='ltr'><strong>item</strong></span> <span class='ocrx_word' id='word_1_21' title='bbox 773 457 911 532; x_wconf 90' lang='lat' dir='ltr'><strong>strepitus</strong></span> <span class='ocrx_word' id='word_1_22' title='bbox 922 475 1072 517; x_wconf 92' lang='lat' dir='ltr'><strong>armorum</strong></span> 
     </span>
    </p>

    <p class='ocr_par' dir='ltr' id='par_1_3' title="bbox 17 534 1102 701">
     <span class='ocr_line' id='line_1_4' title="bbox 17 534 1102 619; baseline 0.006 -24"><span class='ocrx_word' id='word_1_23' title='bbox 17 600 20 605; x_wconf 61' lang='grc'><em>,</em></span> <span class='ocrx_word' id='word_1_24' title='bbox 93 536 130 596; x_wconf 92' lang='lat' dir='ltr'><strong>ad</strong></span> <span class='ocrx_word' id='word_1_25' title='bbox 145 534 257 597; x_wconf 89' lang='lat' dir='ltr'><strong>caelum</strong></span> <span class='ocrx_word' id='word_1_26' title='bbox 278 537 365 606; x_wconf 80' lang='lat' dir='ltr'><strong>terri,</strong></span> <span class='ocrx_word' id='word_1_27' title='bbox 387 535 442 597; x_wconf 86' lang='lat' dir='ltr'><strong>tela</strong></span> <span class='ocrx_word' id='word_1_28' title='bbox 465 539 612 616; x_wconf 86' lang='lat' dir='ltr'><strong>utrimque</strong></span> <span class='ocrx_word' id='word_1_29' title='bbox 628 537 735 601; x_wconf 84' lang='lat' dir='ltr'><strong>volare.</strong></span> <span class='ocrx_word' id='word_1_30' title='bbox 784 538 835 600; x_wconf 89' lang='lat' dir='ltr'><strong>Set</strong></span> <span class='ocrx_word' id='word_1_31' title='bbox 854 538 904 610; x_wconf 91' lang='lat' dir='ltr'><strong>illi,</strong></span> <span class='ocrx_word' id='word_1_32' title='bbox 928 542 978 619; x_wconf 88' lang='lat' dir='ltr'><strong>qui</strong></span> <span class='ocrx_word' id='word_1_33' title='bbox 992 550 1102 601; x_wconf 90' lang='lat' dir='ltr'><strong>moe-3</strong></span> 
     </span>
     <span class='ocr_line' id='line_1_5' title="bbox 91 618 1072 701; baseline 0.005 -23"><span class='ocrx_word' id='word_1_34' title='bbox 91 620 140 680; x_wconf 91' lang='lat' dir='ltr'><strong>nia</strong></span> <span class='ocrx_word' id='word_1_35' title='bbox 162 618 362 689; x_wconf 77' lang='lat' dir='ltr'><strong>defensabant,</strong></span> <span class='ocrx_word' id='word_1_36' title='bbox 385 619 435 681; x_wconf 92' lang='lat' dir='ltr'><strong>ubi</strong></span> <span class='ocrx_word' id='word_1_37' title='bbox 449 621 547 682; x_wconf 90' lang='lat' dir='ltr'><strong>hostes</strong></span> <span class='ocrx_word' id='word_1_38' title='bbox 561 621 681 700; x_wconf 92' lang='lat' dir='ltr'><strong>paulum</strong></span> <span class='ocrx_word' id='word_1_39' title='bbox 699 623 786 684; x_wconf 92' lang='lat' dir='ltr'><strong>modo</strong></span> <span class='ocrx_word' id='word_1_40' title='bbox 801 639 930 701; x_wconf 85' lang='lat' dir='ltr'><strong>pugnam</strong></span> <span class='ocrx_word' id='word_1_41' title='bbox 951 625 1072 684; x_wconf 89' lang='lat' dir='ltr'><strong>remise·</strong></span> 
     </span>
    </p>

    <p class='ocr_par' dir='ltr' id='par_1_4' title="bbox 71 702 1099 1116">
     <span class='ocr_line' id='line_1_6' title="bbox 71 702 1099 785; baseline 0.003 -23"><span class='ocrx_word' id='word_1_42' title='bbox 71 710 167 772; x_wconf 82' lang='lat' dir='ltr'><strong>orant,</strong></span> <span class='ocrx_word' id='word_1_43' title='bbox 179 705 285 764; x_wconf 89' lang='lat' dir='ltr'><strong>intenti</strong></span> <span class='ocrx_word' id='word_1_44' title='bbox 294 702 439 781; x_wconf 90' lang='lat' dir='ltr'><strong>proelium</strong></span> <span class='ocrx_word' id='word_1_45' title='bbox 452 712 587 782; x_wconf 81' lang='lat' dir='ltr'>equestre</span> <span class='ocrx_word' id='word_1_46' title='bbox 602 704 844 785; x_wconf 82' lang='lat' dir='ltr'><strong>prospectabant:</strong></span> <span class='ocrx_word' id='word_1_47' title='bbox 857 725 916 776; x_wconf 90' lang='lat' dir='ltr'><strong>eos,</strong></span> <span class='ocrx_word' id='word_1_48' title='bbox 930 708 972 768; x_wconf 92' lang='lat' dir='ltr'><strong>uti</strong></span> <span class='ocrx_word' id='word_1_49' title='bbox 984 717 1099 784; x_wconf 80' lang='lat' dir='ltr'><strong>quae-4</strong></span> 
     </span>
     <span class='ocr_line' id='line_1_7' title="bbox 93 785 1072 866; baseline 0.003 -20"><span class='ocrx_word' id='word_1_50' title='bbox 93 805 150 866; x_wconf 84' lang='lat' dir='ltr'><strong>que</strong></span> <span class='ocrx_word' id='word_1_51' title='bbox 163 785 323 861; x_wconf 84' lang='lat' dir='ltr'><strong>Iugurthae</strong></span> <span class='ocrx_word' id='word_1_52' title='bbox 336 803 386 846; x_wconf 90' lang='lat' dir='ltr'><strong>res</strong></span> <span class='ocrx_word' id='word_1_53' title='bbox 407 794 504 856; x_wconf 89' lang='lat' dir='ltr'><strong>erant,</strong></span> <span class='ocrx_word' id='word_1_54' title='bbox 528 787 619 849; x_wconf 91' lang='lat' dir='ltr'><strong>laetos</strong></span> <span class='ocrx_word' id='word_1_55' title='bbox 638 788 725 848; x_wconf 92' lang='lat' dir='ltr'><strong>modo</strong></span> <span class='ocrx_word' id='word_1_56' title='bbox 742 788 829 848; x_wconf 92' lang='lat' dir='ltr'><strong>modo</strong></span> <span class='ocrx_word' id='word_1_57' title='bbox 843 790 963 866; x_wconf 85' lang='lat' dir='ltr'><strong>pavidos</strong></span> <span class='ocrx_word' id='word_1_58' title='bbox 981 791 1072 849; x_wconf 90' lang='lat' dir='ltr'><strong>anim·</strong></span> 
     </span>
     <span class='ocr_line' id='line_1_8' title="bbox 93 868 1073 952; baseline 0.002 -24"><span class='ocrx_word' id='word_1_59' title='bbox 93 869 275 938; x_wconf 84' lang='lat' dir='ltr'><strong>adverteres,</strong></span> <span class='ocrx_word' id='word_1_60' title='bbox 299 887 334 930; x_wconf 92' lang='lat' dir='ltr'><strong>ao</strong></span> <span class='ocrx_word' id='word_1_61' title='bbox 354 868 446 929; x_wconf 82' lang='lat' dir='ltr'><strong>sicubi</strong></span> <span class='ocrx_word' id='word_1_62' title='bbox 462 870 555 930; x_wconf 92' lang='lat' dir='ltr'><strong>audiri</strong></span> <span class='ocrx_word' id='word_1_63' title='bbox 577 887 594 929; x_wconf 89' lang='lat' dir='ltr'><strong>a</strong></span> <span class='ocrx_word' id='word_1_64' title='bbox 616 871 676 931; x_wconf 93' lang='lat' dir='ltr'><strong>suis</strong></span> <span class='ocrx_word' id='word_1_65' title='bbox 690 879 740 932; x_wconf 90' lang='lat' dir='ltr'><strong>aut</strong></span> <span class='ocrx_word' id='word_1_66' title='bbox 755 873 836 932; x_wconf 91' lang='lat' dir='ltr'><strong>cerni</strong></span> <span class='ocrx_word' id='word_1_67' title='bbox 851 879 987 952; x_wconf 84' lang='lat' dir='ltr'><strong>possent,</strong></span> <span class='ocrx_word' id='word_1_68' title='bbox 1010 889 1073 931; x_wconf 92' lang='lat' dir='ltr'><strong>mo·</strong></span> 
     </span>
     <span class='ocr_line' id='line_1_9' title="bbox 93 949 1073 1033; baseline 0.003 -22"><span class='ocrx_word' id='word_1_69' title='bbox 93 970 164 1014; x_wconf 92' lang='lat' dir='ltr'><strong>nere</strong></span> <span class='ocrx_word' id='word_1_70' title='bbox 183 949 231 1012; x_wconf 88' lang='lat' dir='ltr'><strong>alii</strong></span> <span class='ocrx_word' id='word_1_71' title='bbox 252 952 300 1012; x_wconf 90' lang='lat' dir='ltr'><strong>alii</strong></span> <span class='ocrx_word' id='word_1_72' title='bbox 314 952 435 1020; x_wconf 88' lang='lat' dir='ltr'><strong>hortari,</strong></span> <span class='ocrx_word' id='word_1_73' title='bbox 458 960 508 1014; x_wconf 89' lang='lat' dir='ltr'><strong>aut</strong></span> <span class='ocrx_word' id='word_1_74' title='bbox 520 971 608 1016; x_wconf 90' lang='lat' dir='ltr'><strong>manu</strong></span> <span class='ocrx_word' id='word_1_75' title='bbox 623 955 787 1032; x_wconf 83' lang='lat' dir='ltr'><strong>significare</strong></span> <span class='ocrx_word' id='word_1_76' title='bbox 808 963 858 1015; x_wconf 90' lang='lat' dir='ltr'><strong>aut</strong></span> <span class='ocrx_word' id='word_1_77' title='bbox 875 957 928 1017; x_wconf 92' lang='lat' dir='ltr'><strong>niti</strong></span> <span class='ocrx_word' id='word_1_78' title='bbox 942 957 1073 1033; x_wconf 90' lang='lat' dir='ltr'><strong>eorpori-</strong></span> 
     </span>
     <span class='ocr_line' id='line_1_10' title="bbox 92 1035 1073 1116; baseline 0.002 -21"><span class='ocrx_word' id='word_1_79' title='bbox 92 1035 162 1104; x_wconf 91' lang='lat' dir='ltr'><strong>bus,</strong></span> <span class='ocrx_word' id='word_1_80' title='bbox 187 1042 215 1097; x_wconf 90' lang='lat' dir='ltr'><strong>et</strong></span> <span class='ocrx_word' id='word_1_81' title='bbox 242 1055 276 1096; x_wconf 91' lang='lat' dir='ltr'><strong>ea</strong></span> <span class='ocrx_word' id='word_1_82' title='bbox 298 1035 357 1096; x_wconf 90' lang='lat' dir='ltr'><strong>huc</strong></span> <span class='ocrx_word' id='word_1_83' title='bbox 377 1043 407 1096; x_wconf 94' lang='lat' dir='ltr'><strong>et</strong></span> <span class='ocrx_word' id='word_1_84' title='bbox 427 1035 497 1097; x_wconf 89' lang='lat' dir='ltr'><strong>illue</strong></span> <span class='ocrx_word' id='word_1_85' title='bbox 519 1039 601 1116; x_wconf 91' lang='lat' dir='ltr'><strong>quasi</strong></span> <span class='ocrx_word' id='word_1_86' title='bbox 622 1037 771 1099; x_wconf 84' lang='lat' dir='ltr'><strong>vitabundi</strong></span> <span class='ocrx_word' id='word_1_87' title='bbox 790 1046 840 1099; x_wconf 92' lang='lat' dir='ltr'><strong>aut</strong></span> <span class='ocrx_word' id='word_1_88' title='bbox 856 1041 994 1100; x_wconf 89' lang='lat' dir='ltr'><strong>iacientes</strong></span> <span class='ocrx_word' id='word_1_89' title='bbox 1016 1038 1073 1100; x_wconf 89' lang='lat' dir='ltr'><strong>tela</strong></span> 
     </span>
    </p>

    <p class='ocr_par' dir='ltr' id='par_1_5' title="bbox 59 1118 1100 1367">
     <span class='ocr_line' id='line_1_11' title="bbox 59 1118 1100 1199; baseline 0.007 -18"><span class='ocrx_word' id='word_1_90' title='bbox 59 1141 83 1181; x_wconf 81' lang='lat' dir='ltr'><strong>ro</strong></span> <span class='ocrx_word' id='word_1_91' title='bbox 92 1121 211 1197; x_wconf 85' lang='lat' dir='ltr'><strong>agitare.</strong></span> <span class='ocrx_word' id='word_1_92' title='bbox 256 1119 341 1190; x_wconf 84' lang='lat' dir='ltr'><strong>Quod</strong></span> <span class='ocrx_word' id='word_1_93' title='bbox 363 1118 414 1180; x_wconf 87' lang='lat' dir='ltr'><strong>ubi</strong></span> <span class='ocrx_word' id='word_1_94' title='bbox 435 1121 526 1181; x_wconf 87' lang='lat' dir='ltr'><strong>Mario</strong></span> <span class='ocrx_word' id='word_1_95' title='bbox 550 1123 698 1199; x_wconf 90' lang='lat' dir='ltr'><strong>cognitum</strong></span> <span class='ocrx_word' id='word_1_96' title='bbox 727 1130 771 1184; x_wconf 90' lang='lat' dir='ltr'><strong>est</strong></span> <span class='ocrx_word' id='word_1_97' title='bbox 796 1157 831 1166; x_wconf 98' lang='lat'><em>-</em></span> <span class='ocrx_word' id='word_1_98' title='bbox 853 1141 921 1183; x_wconf 90' lang='lat' dir='ltr'><strong>nam</strong></span> <span class='ocrx_word' id='word_1_99' title='bbox 940 1125 966 1184; x_wconf 92' lang='lat' dir='ltr'><strong>is</strong></span> <span class='ocrx_word' id='word_1_100' title='bbox 987 1124 1017 1183; x_wconf 90' lang='lat' dir='ltr'><strong>in</strong></span> <span class='ocrx_word' id='word_1_101' title='bbox 1040 1137 1100 1188; x_wconf 76' lang='lat' dir='ltr'><strong>ead</strong></span> 
     </span>
     <span class='ocr_line' id='line_1_12' title="bbox 91 1202 1074 1283; baseline 0.001 -20"><span class='ocrx_word' id='word_1_102' title='bbox 91 1209 175 1280; x_wconf 90' lang='lat' dir='ltr'><strong>parte</strong></span> <span class='ocrx_word' id='word_1_103' title='bbox 190 1202 313 1263; x_wconf 88' lang='lat' dir='ltr'><strong>curabat</strong></span> <span class='ocrx_word' id='word_1_104' title='bbox 329 1235 372 1246; x_wconf 88' lang='lat'><em>-</em></span> <span class='ocrx_word' id='word_1_105' title='bbox 397 1202 530 1264; x_wconf 91' lang='lat' dir='ltr'><strong>consulto</strong></span> <span class='ocrx_word' id='word_1_106' title='bbox 548 1203 642 1266; x_wconf 90' lang='lat' dir='ltr'><strong>lenius</strong></span> <span class='ocrx_word' id='word_1_107' title='bbox 666 1222 754 1283; x_wconf 89' lang='lat' dir='ltr'><strong>agere</strong></span> <span class='ocrx_word' id='word_1_108' title='bbox 770 1225 805 1267; x_wconf 91' lang='lat' dir='ltr'><strong>ae</strong></span> <span class='ocrx_word' id='word_1_109' title='bbox 821 1206 1009 1268; x_wconf 85' lang='lat' dir='ltr'><strong>diffidentiam</strong></span> <span class='ocrx_word' id='word_1_110' title='bbox 1030 1207 1074 1266; x_wconf 91' lang='lat' dir='ltr'><strong>rei</strong></span> 
     </span>
     <span class='ocr_line' id='line_1_13' title="bbox 92 1285 1071 1367; baseline 0.003 -23"><span class='ocrx_word' id='word_1_111' title='bbox 92 1285 245 1347; x_wconf 90' lang='lat' dir='ltr'><strong>simulare:</strong></span> <span class='ocrx_word' id='word_1_112' title='bbox 267 1287 327 1363; x_wconf 91' lang='lat' dir='ltr'><strong>pati</strong></span> <span class='ocrx_word' id='word_1_113' title='bbox 342 1285 482 1347; x_wconf 88' lang='lat' dir='ltr'><strong>Numidas</strong></span> <span class='ocrx_word' id='word_1_114' title='bbox 499 1288 561 1347; x_wconf 92' lang='lat' dir='ltr'><strong>sine</strong></span> <span class='ocrx_word' id='word_1_115' title='bbox 576 1287 701 1349; x_wconf 91' lang='lat' dir='ltr'><strong>tumultu</strong></span> <span class='ocrx_word' id='word_1_116' title='bbox 715 1292 794 1367; x_wconf 90' lang='lat' dir='ltr'><strong>regis</strong></span> <span class='ocrx_word' id='word_1_117' title='bbox 808 1289 954 1366; x_wconf 91' lang='lat' dir='ltr'><strong>proelium</strong></span> <span class='ocrx_word' id='word_1_118' title='bbox 968 1291 1071 1350; x_wconf 90' lang='lat' dir='ltr'><strong>visere.</strong></span> 
     </span>
    </p>

    <p class='ocr_par' dir='ltr' id='par_1_6' title="bbox 59 1366 1180 1617">
     <span class='ocr_line' id='line_1_14' title="bbox 92 1366 1180 1449; baseline 0.008 -23"><span class='ocrx_word' id='word_1_119' title='bbox 92 1367 135 1427; x_wconf 90' lang='lat' dir='ltr'><strong>lta</strong></span> <span class='ocrx_word' id='word_1_120' title='bbox 149 1366 206 1428; x_wconf 91' lang='lat' dir='ltr'><strong>illis</strong></span> <span class='ocrx_word' id='word_1_121' title='bbox 225 1368 320 1429; x_wconf 91' lang='lat' dir='ltr'><strong>studio</strong></span> <span class='ocrx_word' id='word_1_122' title='bbox 336 1385 457 1429; x_wconf 90' lang='lat' dir='ltr'><strong>suorum</strong></span> <span class='ocrx_word' id='word_1_123' title='bbox 475 1369 619 1430; x_wconf 89' lang='lat' dir='ltr'><strong>adstrictis</strong></span> <span class='ocrx_word' id='word_1_124' title='bbox 641 1378 762 1449; x_wconf 91' lang='lat' dir='ltr'><strong>repente</strong></span> <span class='ocrx_word' id='word_1_125' title='bbox 783 1389 889 1448; x_wconf 90' lang='lat' dir='ltr'><strong>magna</strong></span> <span class='ocrx_word' id='word_1_126' title='bbox 907 1373 934 1432; x_wconf 89' lang='lat' dir='ltr'><strong>vi</strong></span> <span class='ocrx_word' id='word_1_127' title='bbox 956 1383 1100 1434; x_wconf 80' lang='lat' dir='ltr'><strong>murumo</strong></span> <span class='ocrx_word' id='word_1_128' title='bbox 1120 1418 1180 1437; x_wconf 38' lang='lat' dir='ltr'>w</span> 
     </span>
     <span class='ocr_line' id='line_1_15' title="bbox 93 1451 1071 1533; baseline 0.004 -23"><span class='ocrx_word' id='word_1_129' title='bbox 93 1451 277 1528; x_wconf 84' lang='lat' dir='ltr'><strong>adgreditur,</strong></span> <span class='ocrx_word' id='word_1_130' title='bbox 295 1458 324 1512; x_wconf 86' lang='lat' dir='ltr'><strong>et</strong></span> <span class='ocrx_word' id='word_1_131' title='bbox 338 1453 396 1512; x_wconf 92' lang='lat' dir='ltr'><strong>iam</strong></span> <span class='ocrx_word' id='word_1_132' title='bbox 411 1451 495 1513; x_wconf 91' lang='lat' dir='ltr'><strong>scalis</strong></span> <span class='ocrx_word' id='word_1_133' title='bbox 509 1455 619 1528; x_wconf 89' lang='lat' dir='ltr'><strong>egressi</strong></span> <span class='ocrx_word' id='word_1_134' title='bbox 632 1454 736 1515; x_wconf 88' lang='lat' dir='ltr'><strong>milites</strong></span> <span class='ocrx_word' id='word_1_135' title='bbox 753 1472 847 1532; x_wconf 91' lang='lat' dir='ltr'><strong>prope</strong></span> <span class='ocrx_word' id='word_1_136' title='bbox 862 1473 975 1516; x_wconf 91' lang='lat' dir='ltr'><strong>summa</strong></span> <span class='ocrx_word' id='word_1_137' title='bbox 987 1472 1071 1533; x_wconf 88' lang='lat' dir='ltr'><strong>cepe·</strong></span> 
     </span>
     <span class='ocr_line' id='line_1_16' title="bbox 59 1535 1073 1617; baseline 0.004 -23"><span class='ocrx_word' id='word_1_138' title='bbox 59 1542 167 1605; x_wconf 80' lang='lat' dir='ltr'><strong>rorant,</strong></span> <span class='ocrx_word' id='word_1_139' title='bbox 185 1553 251 1596; x_wconf 91' lang='lat' dir='ltr'><strong>cum</strong></span> <span class='ocrx_word' id='word_1_140' title='bbox 263 1535 402 1614; x_wconf 91' lang='lat' dir='ltr'><strong>oppidani</strong></span> <span class='ocrx_word' id='word_1_141' title='bbox 416 1543 605 1606; x_wconf 87' lang='lat' dir='ltr'><strong>concurrunt,</strong></span> <span class='ocrx_word' id='word_1_142' title='bbox 621 1537 731 1615; x_wconf 91' lang='lat' dir='ltr'><strong>lapides</strong></span> <span class='ocrx_word' id='word_1_143' title='bbox 744 1539 843 1615; x_wconf 89' lang='lat' dir='ltr'><strong>ignem</strong></span> <span class='ocrx_word' id='word_1_144' title='bbox 855 1537 909 1598; x_wconf 92' lang='lat' dir='ltr'><strong>alia</strong></span> <span class='ocrx_word' id='word_1_145' title='bbox 920 1544 1073 1617; x_wconf 89' lang='lat' dir='ltr'><strong>praeterea</strong></span> 
     </span>
    </p>

    <p class='ocr_par' dir='ltr' id='par_1_7' title="bbox 92 1618 1098 1950">
     <span class='ocr_line' id='line_1_17' title="bbox 92 1618 1098 1696; baseline 0.001 -17"><span class='ocrx_word' id='word_1_146' title='bbox 92 1618 150 1679; x_wconf 91' lang='lat' dir='ltr'><strong>tela</strong></span> <span class='ocrx_word' id='word_1_147' title='bbox 171 1620 319 1696; x_wconf 89' lang='lat' dir='ltr'><strong>ingerunt.</strong></span> <span class='ocrx_word' id='word_1_148' title='bbox 364 1620 462 1680; x_wconf 88' lang='lat' dir='ltr'><strong>Nostri</strong></span> <span class='ocrx_word' id='word_1_149' title='bbox 483 1619 578 1696; x_wconf 91' lang='lat' dir='ltr'><strong>primo</strong></span> <span class='ocrx_word' id='word_1_150' title='bbox 600 1622 751 1683; x_wconf 89' lang='lat' dir='ltr'><strong>resistere:</strong></span> <span class='ocrx_word' id='word_1_151' title='bbox 774 1621 894 1692; x_wconf 90' lang='lat' dir='ltr'><strong>deinde,</strong></span> <span class='ocrx_word' id='word_1_152' title='bbox 922 1621 974 1682; x_wconf 91' lang='lat' dir='ltr'><strong>ubi</strong></span> <span class='ocrx_word' id='word_1_153' title='bbox 997 1632 1098 1682; x_wconf 76' lang='lat' dir='ltr'><strong>unaet</strong></span> 
     </span>
     <span class='ocr_line' id='line_1_18' title="bbox 93 1702 1073 1782; baseline 0.002 -20"><span class='ocrx_word' id='word_1_154' title='bbox 93 1709 180 1780; x_wconf 90' lang='lat' dir='ltr'><strong>atque</strong></span> <span class='ocrx_word' id='word_1_155' title='bbox 194 1702 303 1763; x_wconf 89' lang='lat' dir='ltr'><strong>alterae</strong></span> <span class='ocrx_word' id='word_1_156' title='bbox 319 1702 414 1764; x_wconf 88' lang='lat' dir='ltr'><strong>scalae</strong></span> <span class='ocrx_word' id='word_1_157' title='bbox 433 1703 627 1773; x_wconf 89' lang='lat' dir='ltr'><strong>conminutae,</strong></span> <span class='ocrx_word' id='word_1_158' title='bbox 651 1705 699 1782; x_wconf 90' lang='lat' dir='ltr'><strong>qui</strong></span> <span class='ocrx_word' id='word_1_159' title='bbox 715 1711 945 1782; x_wconf 88' lang='lat' dir='ltr'><strong>supersteterant</strong></span> <span class='ocrx_word' id='word_1_160' title='bbox 967 1703 1073 1766; x_wconf 89' lang='lat' dir='ltr'><strong>adflicti</strong></span> 
     </span>
     <span class='ocr_line' id='line_1_19' title="bbox 93 1785 1073 1867; baseline 0.004 -24"><span class='ocrx_word' id='word_1_161' title='bbox 93 1791 170 1853; x_wconf 90' lang='lat' dir='ltr'><strong>sunt,</strong></span> <span class='ocrx_word' id='word_1_162' title='bbox 186 1785 276 1845; x_wconf 87' lang='lat' dir='ltr'><strong>ceteri</strong></span> <span class='ocrx_word' id='word_1_163' title='bbox 291 1803 408 1865; x_wconf 89' lang='lat' dir='ltr'><strong>quoquo</strong></span> <span class='ocrx_word' id='word_1_164' title='bbox 422 1785 509 1844; x_wconf 90' lang='lat' dir='ltr'><strong>modo</strong></span> <span class='ocrx_word' id='word_1_165' title='bbox 521 1793 653 1864; x_wconf 88' lang='lat' dir='ltr'><strong>potuere,</strong></span> <span class='ocrx_word' id='word_1_166' title='bbox 664 1790 750 1863; x_wconf 90' lang='lat' dir='ltr'><strong>pauci</strong></span> <span class='ocrx_word' id='word_1_167' title='bbox 763 1790 870 1866; x_wconf 79' lang='lat' dir='ltr'><strong>integri</strong></span> <span class='ocrx_word' id='word_1_168' title='bbox 883 1805 988 1867; x_wconf 86' lang='lat' dir='ltr'><strong>magna</strong></span> <span class='ocrx_word' id='word_1_169' title='bbox 1004 1805 1073 1866; x_wconf 91' lang='lat' dir='ltr'><strong>pars</strong></span> 
     </span>
     <span class='ocr_line' id='line_1_20' title="bbox 92 1867 1071 1950; baseline 0.006 -24"><span class='ocrx_word' id='word_1_170' title='bbox 92 1867 262 1930; x_wconf 85' lang='lat' dir='ltr'><strong>volneribus</strong></span> <span class='ocrx_word' id='word_1_171' title='bbox 281 1867 404 1929; x_wconf 85' lang='lat' dir='ltr'><strong>confecti</strong></span> <span class='ocrx_word' id='word_1_172' title='bbox 444 1867 559 1927; x_wconf 88' lang='lat' dir='ltr'><strong>abeunt.</strong></span> <span class='ocrx_word' id='word_1_173' title='bbox 609 1869 740 1947; x_wconf 85' lang='lat' dir='ltr'><strong>Denique</strong></span> <span class='ocrx_word' id='word_1_174' title='bbox 761 1873 909 1950; x_wconf 88' lang='lat' dir='ltr'><strong>utrimque</strong></span> <span class='ocrx_word' id='word_1_175' title='bbox 928 1871 1071 1950; x_wconf 90' lang='lat' dir='ltr'><strong>proelium</strong></span> 
     </span>
    </p>

    <p class='ocr_par' dir='ltr' id='par_1_8' title="bbox 60 1951 298 2012">
     <span class='ocr_line' id='line_1_21' title="bbox 60 1951 298 2012; baseline 0 -2"><span class='ocrx_word' id='word_1_176' title='bbox 60 1968 153 2012; x_wconf 82' lang='lat' dir='ltr'><strong>aonox</strong></span> <span class='ocrx_word' id='word_1_177' title='bbox 173 1951 298 2012; x_wconf 90' lang='lat' dir='ltr'><strong>diremit.</strong></span> 
     </span>
    </p>

    <p class='ocr_par' dir='ltr' id='par_1_9' title="bbox 93 2034 1118 2365">
     <span class='ocr_line' id='line_1_22' title="bbox 177 2034 1118 2117; baseline 0.005 -22"><span class='ocrx_word' id='word_1_178' title='bbox 177 2034 312 2098; x_wconf 87' lang='lat' dir='ltr'><strong>Metellus</strong></span> <span class='ocrx_word' id='word_1_179' title='bbox 331 2044 485 2114; x_wconf 79' lang='lat' dir='ltr'><strong>postquam</strong></span> <span class='ocrx_word' id='word_1_180' title='bbox 502 2037 580 2098; x_wconf 90' lang='lat' dir='ltr'><strong>videt</strong></span> <span class='ocrx_word' id='word_1_181' title='bbox 597 2035 705 2096; x_wconf 83' lang='lat' dir='ltr'><strong>trustra</strong></span> <span class='ocrx_word' id='word_1_182' title='bbox 722 2037 883 2116; x_wconf 91' lang='lat' dir='ltr'><strong>inceptum,</strong></span> <span class='ocrx_word' id='word_1_183' title='bbox 906 2056 1002 2117; x_wconf 90' lang='lat' dir='ltr'><strong>neque</strong></span> <span class='ocrx_word' id='word_1_184' title='bbox 1019 2055 1071 2115; x_wconf 93' lang='lat' dir='ltr'><strong>op·</strong></span> <span class='ocrx_word' id='word_1_185' title='bbox 1082 2039 1118 2100; x_wconf 80' lang='lat' dir='ltr'><strong>til</strong></span> 
     </span>
     <span class='ocr_line' id='line_1_23' title="bbox 93 2119 1072 2200; baseline -0.001 -18"><span class='ocrx_word' id='word_1_186' title='bbox 93 2122 194 2200; x_wconf 93' lang='lat' dir='ltr'><strong>pidum</strong></span> <span class='ocrx_word' id='word_1_187' title='bbox 212 2121 278 2199; x_wconf 90' lang='lat' dir='ltr'><strong>capi</strong></span> <span class='ocrx_word' id='word_1_188' title='bbox 299 2137 394 2198; x_wconf 88' lang='lat' dir='ltr'><strong>neque</strong></span> <span class='ocrx_word' id='word_1_189' title='bbox 414 2119 585 2197; x_wconf 87' lang='lat' dir='ltr'><strong>iugurtham</strong></span> <span class='ocrx_word' id='word_1_190' title='bbox 603 2121 709 2180; x_wconf 89' lang='lat' dir='ltr'><strong>nisiex</strong></span> <span class='ocrx_word' id='word_1_191' title='bbox 731 2121 841 2183; x_wconf 92' lang='lat' dir='ltr'><strong>insidiis</strong></span> <span class='ocrx_word' id='word_1_192' title='bbox 862 2128 912 2183; x_wconf 87' lang='lat' dir='ltr'><strong>aut</strong></span> <span class='ocrx_word' id='word_1_193' title='bbox 933 2139 985 2183; x_wconf 91' lang='lat' dir='ltr'><strong>suo</strong></span> <span class='ocrx_word' id='word_1_194' title='bbox 1007 2120 1072 2181; x_wconf 91' lang='lat' dir='ltr'><strong>loeo</strong></span> 
     </span>
     <span class='ocr_line' id='line_1_24' title="bbox 99 2204 1072 2282; baseline -0.002 -16"><span class='ocrx_word' id='word_1_195' title='bbox 99 2221 228 2282; x_wconf 90' lang='lat' dir='ltr'><strong>pugnam</strong></span> <span class='ocrx_word' id='word_1_196' title='bbox 247 2204 362 2273; x_wconf 85' lang='lat' dir='ltr'><strong>iacere,</strong></span> <span class='ocrx_word' id='word_1_197' title='bbox 386 2209 415 2263; x_wconf 90' lang='lat' dir='ltr'><strong>et</strong></span> <span class='ocrx_word' id='word_1_198' title='bbox 433 2205 490 2265; x_wconf 92' lang='lat' dir='ltr'><strong>iam</strong></span> <span class='ocrx_word' id='word_1_199' title='bbox 512 2212 649 2266; x_wconf 88' lang='lat' dir='ltr'><strong>aestatem</strong></span> <span class='ocrx_word' id='word_1_200' title='bbox 671 2211 802 2266; x_wconf 83' lang='lat' dir='ltr'><strong>exactam</strong></span> <span class='ocrx_word' id='word_1_201' title='bbox 822 2223 899 2275; x_wconf 90' lang='lat' dir='ltr'><strong>esse,</strong></span> <span class='ocrx_word' id='word_1_202' title='bbox 928 2205 964 2266; x_wconf 91' lang='lat' dir='ltr'><strong>ab</strong></span> <span class='ocrx_word' id='word_1_203' title='bbox 987 2205 1072 2265; x_wconf 89' lang='lat' dir='ltr'><strong>Zama</strong></span> 
     </span>
     <span class='ocr_line' id='line_1_25' title="bbox 96 2287 1074 2365; baseline 0 -18"><span class='ocrx_word' id='word_1_204' title='bbox 96 2287 231 2357; x_wconf 87' lang='lat' dir='ltr'><strong>discedit,</strong></span> <span class='ocrx_word' id='word_1_205' title='bbox 252 2293 282 2347; x_wconf 93' lang='lat' dir='ltr'><strong>et</strong></span> <span class='ocrx_word' id='word_1_206' title='bbox 299 2288 329 2346; x_wconf 92' lang='lat' dir='ltr'><strong>in</strong></span> <span class='ocrx_word' id='word_1_207' title='bbox 352 2287 394 2346; x_wconf 93' lang='lat' dir='ltr'><strong>eis</strong></span> <span class='ocrx_word' id='word_1_208' title='bbox 408 2287 544 2356; x_wconf 84' lang='lat' dir='ltr'><strong>urbibus,</strong></span> <span class='ocrx_word' id='word_1_209' title='bbox 568 2306 642 2365; x_wconf 91' lang='lat' dir='ltr'><strong>quae</strong></span> <span class='ocrx_word' id='word_1_210' title='bbox 663 2287 699 2348; x_wconf 92' lang='lat' dir='ltr'><strong>ad</strong></span> <span class='ocrx_word' id='word_1_211' title='bbox 714 2307 746 2350; x_wconf 88' lang='lat' dir='ltr'><strong>se</strong></span> <span class='ocrx_word' id='word_1_212' title='bbox 761 2287 929 2350; x_wconf 88' lang='lat' dir='ltr'><strong>deiecerant</strong></span> <span class='ocrx_word' id='word_1_213' title='bbox 947 2290 1074 2365; x_wconf 87' lang='lat' dir='ltr'><strong>satisque</strong></span> 
     </span>
    </p>

    <p class='ocr_par' dir='ltr' id='par_1_10' title="bbox 61 2370 1100 2448">
     <span class='ocr_line' id='line_1_26' title="bbox 61 2370 1100 2448; baseline -0.003 -16"><span class='ocrx_word' id='word_1_214' title='bbox 61 2392 86 2432; x_wconf 79' lang='lat' dir='ltr'><strong>a&gt;</strong></span> <span class='ocrx_word' id='word_1_215' title='bbox 95 2372 223 2431; x_wconf 89' lang='lat' dir='ltr'><strong>munitae</strong></span> <span class='ocrx_word' id='word_1_216' title='bbox 237 2370 303 2430; x_wconf 93' lang='lat' dir='ltr'><strong>loco</strong></span> <span class='ocrx_word' id='word_1_217' title='bbox 319 2375 369 2429; x_wconf 90' lang='lat' dir='ltr'><strong>aut</strong></span> <span class='ocrx_word' id='word_1_218' title='bbox 382 2370 535 2431; x_wconf 91' lang='lat' dir='ltr'><strong>moenibus</strong></span> <span class='ocrx_word' id='word_1_219' title='bbox 546 2379 637 2440; x_wconf 89' lang='lat' dir='ltr'><strong>erant,</strong></span> <span class='ocrx_word' id='word_1_220' title='bbox 649 2371 794 2447; x_wconf 87' lang='lat' dir='ltr'><strong>praesidia</strong></span> <span class='ocrx_word' id='word_1_221' title='bbox 808 2372 930 2448; x_wconf 87' lang='lat' dir='ltr'><strong>inponit,</strong></span> <span class='ocrx_word' id='word_1_222' title='bbox 943 2377 1100 2430; x_wconf 81' lang='lat' dir='ltr'><strong>ceterum2</strong></span> 
     </span>
    </p>
   </div>
   <div class='ocr_carea' id='block_1_3' title="bbox 63 2452 1182 3535">
    <p class='ocr_par' dir='ltr' id='par_1_11' title="bbox 63 2452 1182 3535">
     <span class='ocr_line' id='line_1_27' title="bbox 96 2452 1073 2531; baseline -0.004 -16"><span class='ocrx_word' id='word_1_223' title='bbox 96 2455 255 2515; x_wconf 90' lang='lat' dir='ltr'><strong>exercitum</strong></span> <span class='ocrx_word' id='word_1_224' title='bbox 271 2453 301 2512; x_wconf 91' lang='lat' dir='ltr'><strong>in</strong></span> <span class='ocrx_word' id='word_1_225' title='bbox 316 2453 510 2530; x_wconf 85' lang='lat' dir='ltr'><strong>provinciam,</strong></span> <span class='ocrx_word' id='word_1_226' title='bbox 528 2471 602 2531; x_wconf 91' lang='lat' dir='ltr'><strong>quae</strong></span> <span class='ocrx_word' id='word_1_227' title='bbox 615 2470 758 2530; x_wconf 90' lang='lat' dir='ltr'><strong>proxuma</strong></span> <span class='ocrx_word' id='word_1_228' title='bbox 773 2461 817 2514; x_wconf 91' lang='lat' dir='ltr'><strong>est</strong></span> <span class='ocrx_word' id='word_1_229' title='bbox 830 2453 995 2520; x_wconf 89' lang='lat' dir='ltr'><strong>Numidiae,</strong></span> <span class='ocrx_word' id='word_1_230' title='bbox 1011 2452 1073 2512; x_wconf 93' lang='lat' dir='ltr'><strong>hie·</strong></span> 
     </span>
     <span class='ocr_line' id='line_1_28' title="bbox 96 2535 1099 2616; baseline 0.003 -19"><span class='ocrx_word' id='word_1_231' title='bbox 96 2537 194 2597; x_wconf 89' lang='lat' dir='ltr'><strong>mandi</strong></span> <span class='ocrx_word' id='word_1_232' title='bbox 214 2538 308 2614; x_wconf 88' lang='lat' dir='ltr'><strong>gratia</strong></span> <span class='ocrx_word' id='word_1_233' title='bbox 323 2535 465 2597; x_wconf 90' lang='lat' dir='ltr'><strong>conlocat.</strong></span> <span class='ocrx_word' id='word_1_234' title='bbox 495 2536 596 2616; x_wconf 84' lang='lat' dir='ltr'><strong>Neque</strong></span> <span class='ocrx_word' id='word_1_235' title='bbox 616 2536 645 2595; x_wconf 90' lang='lat' dir='ltr'><strong>id</strong></span> <span class='ocrx_word' id='word_1_236' title='bbox 667 2542 782 2614; x_wconf 90' lang='lat' dir='ltr'><strong>tempus</strong></span> <span class='ocrx_word' id='word_1_237' title='bbox 801 2555 837 2597; x_wconf 83' lang='lat' dir='ltr'><strong>ex</strong></span> <span class='ocrx_word' id='word_1_238' title='bbox 852 2535 975 2599; x_wconf 91' lang='lat' dir='ltr'><strong>aliorum</strong></span> <span class='ocrx_word' id='word_1_239' title='bbox 991 2549 1099 2600; x_wconf 73' lang='lat' dir='ltr'><strong>moret</strong></span> 
     </span>
     <span class='ocr_line' id='line_1_29' title="bbox 97 2619 1074 2700; baseline -0.002 -19"><span class='ocrx_word' id='word_1_240' title='bbox 97 2622 186 2700; x_wconf 90' lang='lat' dir='ltr'><strong>quieti</strong></span> <span class='ocrx_word' id='word_1_241' title='bbox 206 2627 256 2682; x_wconf 90' lang='lat' dir='ltr'><strong>aut</strong></span> <span class='ocrx_word' id='word_1_242' title='bbox 276 2619 410 2682; x_wconf 81' lang='lat' dir='ltr'><strong>luxuriae</strong></span> <span class='ocrx_word' id='word_1_243' title='bbox 428 2620 568 2688; x_wconf 91' lang='lat' dir='ltr'><strong>concedit,</strong></span> <span class='ocrx_word' id='word_1_244' title='bbox 585 2626 629 2681; x_wconf 91' lang='lat' dir='ltr'><strong>set</strong></span> <span class='ocrx_word' id='word_1_245' title='bbox 643 2621 779 2700; x_wconf 90' lang='lat' dir='ltr'><strong>quoniam</strong></span> <span class='ocrx_word' id='word_1_246' title='bbox 793 2622 882 2680; x_wconf 90' lang='lat' dir='ltr'><strong>armis</strong></span> <span class='ocrx_word' id='word_1_247' title='bbox 898 2620 1008 2682; x_wconf 84' lang='lat' dir='ltr'><strong>bobum</strong></span> <span class='ocrx_word' id='word_1_248' title='bbox 1022 2637 1074 2697; x_wconf 91' lang='lat' dir='ltr'><strong>pa·</strong></span> 
     </span>
     <span class='ocr_line' id='line_1_30' title="bbox 96 2703 1073 2784; baseline -0.004 -19"><span class='ocrx_word' id='word_1_249' title='bbox 96 2723 163 2765; x_wconf 93' lang='lat' dir='ltr'><strong>rum</strong></span> <span class='ocrx_word' id='word_1_250' title='bbox 178 2704 367 2784; x_wconf 91' lang='lat' dir='ltr'><strong>procedebat,</strong></span> <span class='ocrx_word' id='word_1_251' title='bbox 382 2703 500 2764; x_wconf 91' lang='lat' dir='ltr'><strong>insidias</strong></span> <span class='ocrx_word' id='word_1_252' title='bbox 514 2704 578 2780; x_wconf 86' lang='lat' dir='ltr'><strong>regi</strong></span> <span class='ocrx_word' id='word_1_253' title='bbox 591 2721 646 2781; x_wconf 90' lang='lat' dir='ltr'><strong>per</strong></span> <span class='ocrx_word' id='word_1_254' title='bbox 661 2705 769 2764; x_wconf 87' lang='lat' dir='ltr'><strong>anricos</strong></span> <span class='ocrx_word' id='word_1_255' title='bbox 784 2703 907 2765; x_wconf 88' lang='lat' dir='ltr'><strong>tendere</strong></span> <span class='ocrx_word' id='word_1_256' title='bbox 927 2711 1073 2765; x_wconf 90' lang='lat' dir='ltr'><strong>eteorum</strong></span> 
     </span>
     <span class='ocr_line' id='line_1_31' title="bbox 63 2785 1102 2866; baseline -0.002 -16"><span class='ocrx_word' id='word_1_257' title='bbox 63 2787 218 2866; x_wconf 84' lang='lat' dir='ltr'><strong>eoperlidia</strong></span> <span class='ocrx_word' id='word_1_258' title='bbox 240 2805 295 2866; x_wconf 93' lang='lat' dir='ltr'><strong>pro</strong></span> <span class='ocrx_word' id='word_1_259' title='bbox 317 2789 407 2848; x_wconf 88' lang='lat' dir='ltr'><strong>armis</strong></span> <span class='ocrx_word' id='word_1_260' title='bbox 428 2788 470 2847; x_wconf 92' lang='lat' dir='ltr'><strong>uti</strong></span> <span class='ocrx_word' id='word_1_261' title='bbox 483 2793 576 2863; x_wconf 87' lang='lat' dir='ltr'><strong>parat.</strong></span> <span class='ocrx_word' id='word_1_262' title='bbox 614 2786 704 2863; x_wconf 88' lang='lat' dir='ltr'><strong>igitur</strong></span> <span class='ocrx_word' id='word_1_263' title='bbox 718 2785 928 2858; x_wconf 89' lang='lat' dir='ltr'><strong>Bomilcarem,</strong></span> <span class='ocrx_word' id='word_1_264' title='bbox 952 2787 1001 2865; x_wconf 89' lang='lat' dir='ltr'><strong>qui</strong></span> <span class='ocrx_word' id='word_1_265' title='bbox 1015 2785 1102 2848; x_wconf 81' lang='lat' dir='ltr'><strong>llo-4</strong></span> 
     </span>
     <span class='ocr_line' id='line_1_32' title="bbox 93 2868 1078 2952; baseline -0.008 -13"><span class='ocrx_word' id='word_1_266' title='bbox 93 2897 158 2939; x_wconf 90' lang='lat' dir='ltr'><strong>mae</strong></span> <span class='ocrx_word' id='word_1_267' title='bbox 180 2896 249 2940; x_wconf 93' lang='lat' dir='ltr'><strong>cum</strong></span> <span class='ocrx_word' id='word_1_268' title='bbox 270 2873 412 2952; x_wconf 85' lang='lat' dir='ltr'><strong>Iugurtha</strong></span> <span class='ocrx_word' id='word_1_269' title='bbox 434 2873 545 2942; x_wconf 87' lang='lat' dir='ltr'><strong>iuerat,</strong></span> <span class='ocrx_word' id='word_1_270' title='bbox 569 2878 598 2932; x_wconf 88' lang='lat' dir='ltr'><strong>et</strong></span> <span class='ocrx_word' id='word_1_271' title='bbox 618 2869 688 2930; x_wconf 90' lang='lat' dir='ltr'><strong>inde</strong></span> <span class='ocrx_word' id='word_1_272' title='bbox 709 2868 831 2930; x_wconf 85' lang='lat' dir='ltr'><strong>vadibus</strong></span> <span class='ocrx_word' id='word_1_273' title='bbox 854 2869 928 2931; x_wconf 91' lang='lat' dir='ltr'><strong>datis</strong></span> <span class='ocrx_word' id='word_1_274' title='bbox 950 2869 987 2930; x_wconf 91' lang='lat' dir='ltr'><strong>de</strong></span> <span class='ocrx_word' id='word_1_275' title='bbox 1001 2870 1078 2932; x_wconf 88' lang='lat' dir='ltr'><strong>Mas-</strong></span> 
     </span>
     <span class='ocr_line' id='line_1_33' title="bbox 93 2954 1077 3034; baseline -0.011 -10"><span class='ocrx_word' id='word_1_276' title='bbox 93 2965 171 3024; x_wconf 90' lang='lat' dir='ltr'><strong>sivae</strong></span> <span class='ocrx_word' id='word_1_277' title='bbox 192 2979 266 3022; x_wconf 90' lang='lat' dir='ltr'><strong>nece</strong></span> <span class='ocrx_word' id='word_1_278' title='bbox 286 2958 428 3019; x_wconf 86' lang='lat' dir='ltr'><strong>iudicium</strong></span> <span class='ocrx_word' id='word_1_279' title='bbox 449 2957 580 3034; x_wconf 80' lang='lat' dir='ltr'><strong>fugerat,</strong></span> <span class='ocrx_word' id='word_1_280' title='bbox 604 2954 680 3031; x_wconf 89' lang='lat' dir='ltr'><strong>quod</strong></span> <span class='ocrx_word' id='word_1_281' title='bbox 704 2955 731 3013; x_wconf 97' lang='lat' dir='ltr'><strong>ei</strong></span> <span class='ocrx_word' id='word_1_282' title='bbox 753 2972 807 3032; x_wconf 91' lang='lat' dir='ltr'><strong>per</strong></span> <span class='ocrx_word' id='word_1_283' title='bbox 822 2973 989 3016; x_wconf 87' lang='lat' dir='ltr'><strong>maxumam</strong></span> <span class='ocrx_word' id='word_1_284' title='bbox 1004 2956 1077 3014; x_wconf 88' lang='lat' dir='ltr'><strong>ami-</strong></span> 
     </span>
     <span class='ocr_line' id='line_1_34' title="bbox 96 3036 1078 3118; baseline -0.012 -11"><span class='ocrx_word' id='word_1_285' title='bbox 96 3048 193 3107; x_wconf 89' lang='lat' dir='ltr'><strong>citiam</strong></span> <span class='ocrx_word' id='word_1_286' title='bbox 215 3059 351 3104; x_wconf 91' lang='lat' dir='ltr'><strong>maxuma</strong></span> <span class='ocrx_word' id='word_1_287' title='bbox 374 3043 457 3118; x_wconf 91' lang='lat' dir='ltr'><strong>eopia</strong></span> <span class='ocrx_word' id='word_1_288' title='bbox 479 3038 601 3099; x_wconf 82' lang='lat' dir='ltr'><strong>fallundi</strong></span> <span class='ocrx_word' id='word_1_289' title='bbox 624 3044 699 3105; x_wconf 89' lang='lat' dir='ltr'><strong>erat,</strong></span> <span class='ocrx_word' id='word_1_290' title='bbox 731 3036 832 3097; x_wconf 88' lang='lat' dir='ltr'><strong>multis</strong></span> <span class='ocrx_word' id='word_1_291' title='bbox 859 3037 1078 3115; x_wconf 87' lang='lat' dir='ltr'><strong>pollicitationi·</strong></span> 
     </span>
     <span class='ocr_line' id='line_1_35' title="bbox 97 3121 1102 3201; baseline -0.004 -17"><span class='ocrx_word' id='word_1_292' title='bbox 97 3124 154 3185; x_wconf 91' lang='lat' dir='ltr'><strong>bus</strong></span> <span class='ocrx_word' id='word_1_293' title='bbox 173 3124 354 3201; x_wconf 87' lang='lat' dir='ltr'><strong>adgreditur.</strong></span> <span class='ocrx_word' id='word_1_294' title='bbox 400 3122 442 3182; x_wconf 85' lang='lat' dir='ltr'><strong>lle</strong></span> <span class='ocrx_word' id='word_1_295' title='bbox 461 3124 557 3200; x_wconf 91' lang='lat' dir='ltr'><strong>primo</strong></span> <span class='ocrx_word' id='word_1_296' title='bbox 576 3121 679 3190; x_wconf 84' lang='lat' dir='ltr'><strong>efficit,</strong></span> <span class='ocrx_word' id='word_1_297' title='bbox 707 3122 750 3181; x_wconf 90' lang='lat' dir='ltr'><strong>uti</strong></span> <span class='ocrx_word' id='word_1_298' title='bbox 772 3122 808 3181; x_wconf 87' lang='lat' dir='ltr'><strong>ad</strong></span> <span class='ocrx_word' id='word_1_299' title='bbox 830 3139 862 3183; x_wconf 89' lang='lat' dir='ltr'><strong>se</strong></span> <span class='ocrx_word' id='word_1_300' title='bbox 882 3121 1102 3201; x_wconf 76' lang='lat' dir='ltr'><strong>conloquendib</strong></span> 
     </span>
     <span class='ocr_line' id='line_1_36' title="bbox 65 3204 1076 3286; baseline -0.01 -13"><span class='ocrx_word' id='word_1_301' title='bbox 65 3232 89 3273; x_wconf 73' lang='lat' dir='ltr'><strong>aa</strong></span> <span class='ocrx_word' id='word_1_302' title='bbox 99 3209 191 3286; x_wconf 86' lang='lat' dir='ltr'><strong>gratia</strong></span> <span class='ocrx_word' id='word_1_303' title='bbox 206 3206 337 3269; x_wconf 87' lang='lat' dir='ltr'><strong>occultus</strong></span> <span class='ocrx_word' id='word_1_304' title='bbox 350 3207 459 3268; x_wconf 84' lang='lat' dir='ltr'><strong>veniat:</strong></span> <span class='ocrx_word' id='word_1_305' title='bbox 476 3205 581 3266; x_wconf 91' lang='lat' dir='ltr'><strong>deinde</strong></span> <span class='ocrx_word' id='word_1_306' title='bbox 595 3204 652 3266; x_wconf 90' lang='lat' dir='ltr'><strong>lide</strong></span> <span class='ocrx_word' id='word_1_307' title='bbox 668 3205 742 3274; x_wconf 91' lang='lat' dir='ltr'><strong>data,</strong></span> <span class='ocrx_word' id='word_1_308' title='bbox 756 3206 781 3266; x_wconf 90' lang='lat' dir='ltr'><strong>si</strong></span> <span class='ocrx_word' id='word_1_309' title='bbox 796 3205 967 3281; x_wconf 90' lang='lat' dir='ltr'><strong>Iugurtham</strong></span> <span class='ocrx_word' id='word_1_310' title='bbox 982 3205 1076 3264; x_wconf 83' lang='lat' dir='ltr'><strong>vivom</strong></span> 
     </span>
     <span class='ocr_line' id='line_1_37' title="bbox 100 3287 1076 3365; baseline -0.003 -14"><span class='ocrx_word' id='word_1_311' title='bbox 100 3298 150 3351; x_wconf 90' lang='lat' dir='ltr'><strong>aut</strong></span> <span class='ocrx_word' id='word_1_312' title='bbox 163 3298 300 3354; x_wconf 88' lang='lat' dir='ltr'><strong>necatum</strong></span> <span class='ocrx_word' id='word_1_313' title='bbox 315 3290 371 3351; x_wconf 93' lang='lat' dir='ltr'><strong>sibi</strong></span> <span class='ocrx_word' id='word_1_314' title='bbox 388 3289 563 3359; x_wconf 85' lang='lat' dir='ltr'><strong>tradidisset,</strong></span> <span class='ocrx_word' id='word_1_315' title='bbox 579 3288 643 3348; x_wconf 86' lang='lat' dir='ltr'><strong>iore</strong></span> <span class='ocrx_word' id='word_1_316' title='bbox 656 3293 690 3348; x_wconf 91' lang='lat' dir='ltr'><strong>ut</strong></span> <span class='ocrx_word' id='word_1_317' title='bbox 699 3287 740 3349; x_wconf 92' lang='lat' dir='ltr'><strong>illi</strong></span> <span class='ocrx_word' id='word_1_318' title='bbox 753 3295 872 3348; x_wconf 91' lang='lat' dir='ltr'><strong>senatus</strong></span> <span class='ocrx_word' id='word_1_319' title='bbox 885 3288 1076 3365; x_wconf 89' lang='lat' dir='ltr'><strong>inpunitatem</strong></span> 
     </span>
     <span class='ocr_line' id='line_1_38' title="bbox 101 3370 1075 3448; baseline -0.003 -14"><span class='ocrx_word' id='word_1_320' title='bbox 101 3382 131 3434; x_wconf 90' lang='lat' dir='ltr'><strong>et</strong></span> <span class='ocrx_word' id='word_1_321' title='bbox 151 3393 204 3437; x_wconf 92' lang='lat' dir='ltr'><strong>sua</strong></span> <span class='ocrx_word' id='word_1_322' title='bbox 223 3376 319 3435; x_wconf 90' lang='lat' dir='ltr'><strong>omnia</strong></span> <span class='ocrx_word' id='word_1_323' title='bbox 341 3372 532 3443; x_wconf 87' lang='lat' dir='ltr'><strong>concederet,</strong></span> <span class='ocrx_word' id='word_1_324' title='bbox 555 3371 639 3433; x_wconf 85' lang='lat' dir='ltr'><strong>iacile</strong></span> <span class='ocrx_word' id='word_1_325' title='bbox 655 3371 799 3433; x_wconf 90' lang='lat' dir='ltr'><strong>Numidae</strong></span> <span class='ocrx_word' id='word_1_326' title='bbox 819 3370 985 3448; x_wconf 88' lang='lat' dir='ltr'><strong>persuadet,</strong></span> <span class='ocrx_word' id='word_1_327' title='bbox 1009 3389 1075 3431; x_wconf 90' lang='lat' dir='ltr'><strong>eum</strong></span> 
     </span>
     <span class='ocr_line' id='line_1_39' title="bbox 101 3450 1182 3535; baseline -0.005 -18"><span class='ocrx_word' id='word_1_328' title='bbox 101 3459 216 3535; x_wconf 85' lang='lat' dir='ltr'><strong>ingenio</strong></span> <span class='ocrx_word' id='word_1_329' title='bbox 231 3457 329 3527; x_wconf 82' lang='lat' dir='ltr'><strong>infido,</strong></span> <span class='ocrx_word' id='word_1_330' title='bbox 346 3464 408 3518; x_wconf 92' lang='lat' dir='ltr'><strong>tum</strong></span> <span class='ocrx_word' id='word_1_331' title='bbox 421 3458 577 3527; x_wconf 89' lang='lat' dir='ltr'><strong>metuenti,</strong></span> <span class='ocrx_word' id='word_1_332' title='bbox 594 3474 646 3524; x_wconf 90' lang='lat' dir='ltr'><strong>ne,</strong></span> <span class='ocrx_word' id='word_1_333' title='bbox 668 3457 692 3515; x_wconf 93' lang='lat' dir='ltr'><strong>si</strong></span> <span class='ocrx_word' id='word_1_334' title='bbox 712 3472 771 3534; x_wconf 92' lang='lat' dir='ltr'><strong>pax</strong></span> <span class='ocrx_word' id='word_1_335' title='bbox 788 3471 855 3514; x_wconf 88' lang='lat' dir='ltr'><strong>cum</strong></span> <span class='ocrx_word' id='word_1_336' title='bbox 870 3450 1011 3514; x_wconf 81' lang='lat' dir='ltr'><strong>Romanis</strong></span> <span class='ocrx_word' id='word_1_337' title='bbox 1025 3455 1080 3513; x_wconf 74' lang='lat' dir='ltr'><strong>ixe-</strong></span> <span class='ocrx_word' id='word_1_338' title='bbox 1178 3472 1182 3481; x_wconf 94' lang='lat'>·</span> 
     </span>
    </p>
   </div>
   <div class='ocr_carea' id='block_1_4' title="bbox 0 0 1259 3848">
    <p class='ocr_par' dir='ltr' id='par_1_12' title="bbox 0 0 1259 3848">
     <span class='ocr_line' id='line_1_40' title="bbox 0 0 1259 3848; baseline 0 0"><span class='ocrx_word' id='word_1_339' title='bbox 0 0 1259 3848; x_wconf 95' lang='lat' dir='ltr'><strong> </strong></span> 
     </span>
    </p>
   </div>
  </div>
 </body>
</html>
