2392 3848
118 160 158 222 68
326 180 369 220 on
390 177 491 219 annuo
513 178 712 221 ivovaruauo
736 177 765 223 o.
788 168 832 224 49.
854 169 896 221 5⁰.

68 327 109 388 49
204 327 296 403 Igitur
310 327 341 389 in
363 343 397 385 eo
414 324 503 394 colle,
519 344 605 403 quem
622 333 791 386 transvorso
809 327 914 386 itinere
927 330 1101 404 porrectum

119 411 286 479 docuimus,
309 408 451 485 Iugurtha
467 414 622 469 extenuata
639 408 789 489 [suorum]
807 409 869 470 acie
883 407 1024 477 consedit,
1040 407 1101 469 ele·

118 496 233 574 phantis
250 502 278 554 et
295 494 371 570 parti
385 493 536 571 copiarum
552 493 733 570 pedestrium
746 491 940 552 Bomilcarem
955 491 1101 570 praefecit

119 596 244 656 eumque
259 577 362 637 edocet
375 593 450 653 quae
462 583 572 651 ageret,
589 577 651 652 ipse
665 577 786 654 propior
799 582 929 636 montem
940 592 1007 636 cum
1020 577 1101 636 omui

92 664 249 739 aequitatu
268 667 298 720 et
311 658 458 737 peditibus
474 659 593 719 delectis
613 676 682 718 suos
699 658 841 719 conlocat.
875 658 947 718 Dein
969 658 1125 735 singulass

118 752 229 804 turmas
258 751 287 804 et
308 741 473 820 manipulos
496 743 671 803 circumiens
696 749 796 802 monet
816 748 903 821 atque
926 740 1099 813 obtestatur,

118 831 161 889 uti
182 844 328 888 memores
350 828 489 907 pristinae
508 827 624 885 virtutis
642 831 671 886 ot
683 827 820 886 victoriae
835 843 899 886 sese
915 841 1102 905 regnumque

119 931 205 973 suum
220 911 256 972 ab
272 911 473 972 Romanorum
488 911 606 969 avaritia
623 908 793 970 defendant:
809 927 877 970 cum
892 911 935 970 eis
949 915 1100 970 certamen

119 999 197 1066 iore,
224 1013 298 1073 quos
325 1001 410 1055 antea
436 995 526 1053 victos
547 990 602 1052 sub
626 993 727 1069 iugum
748 994 895 1054 miserint:
919 993 1024 1053 ducem
1042 992 1100 1052 illis

119 1098 179 1140 non
201 1079 331 1139 animum
344 1082 502 1137 mutatum:
526 1094 602 1153 quae
617 1075 654 1135 ab
667 1079 845 1153 imperatore
855 1077 1015 1146 decuerint,
1033 1093 1136 1140 om·1o

119 1165 167 1222 nia
183 1163 242 1222 suis
256 1162 387 1238 provisa,
404 1159 501 1219 locum
516 1159 715 1235 superiorem,
735 1166 768 1219 ut
789 1160 949 1237 prudentes
972 1177 1040 1221 cunr
1054 1161 1101 1219 in·

120 1247 238 1321 peritis,
265 1262 303 1304 ne
328 1245 484 1321 pauciores
506 1260 573 1302 cum
594 1241 728 1319 pluribus
749 1250 800 1302 aut
820 1243 910 1304 rudes
933 1261 1000 1303 cum
1029 1241 1103 1304 belli

93 1325 290 1394 amelioribus
311 1344 432 1388 manum
454 1333 657 1386 consererent:
680 1327 804 1405 proinde
823 1327 917 1405 parati
938 1327 1118 1406 intentique-

121 1418 218 1473 esseut
232 1412 316 1488 signo
333 1412 400 1473 dato
414 1409 563 1470 Romanos
577 1409 729 1470 invadere:
748 1408 830 1470 illum
844 1409 921 1470 diem
940 1417 991 1470 aut
1007 1412 1103 1471 omnis

120 1494 236 1555 labores
252 1503 280 1557 et
294 1496 429 1556 victorias
445 1493 685 1554 confirmaturum
701 1499 751 1552 aut
764 1511 969 1554 maxumarum
983 1512 1102 1555 aerum·
1112 1516 1138 1557 rs

94 1591 226 1639 enarum
240 1581 353 1640 initium
371 1579 451 1637 fore:
473 1576 509 1636 ad
529 1575 587 1635 boc
601 1577 721 1644 viritim,
744 1578 786 1637 uti
805 1595 951 1656 quemque
973 1576 1011 1638 ob
1025 1576 1102 1638 mili-

122 1671 184 1723 tare
206 1662 319 1722 facinus
340 1662 463 1739 pecunia
486 1665 536 1719 aut
552 1658 666 1719 honore
684 1659 834 1732 extulerat,
858 1662 1103 1722 conmonefacere

121 1746 237 1805 benidci
254 1747 299 1804 sui
314 1751 343 1803 et
359 1762 426 1804 eum
441 1745 538 1820 ipsum
556 1741 618 1801 aliis
637 1751 799 1804 ostentare:
815 1751 964 1825 postremo
979 1761 1035 1822 pro
1049 1762 1101 1805 cu·

123 1831 227 1906 iusque
249 1828 365 1906 ingenio
387 1824 551 1904 pollicendo
571 1827 731 1887 minitando
748 1826 920 1888 obtestando
935 1827 1024 1889 alium
1045 1826 1102 1888 alio

96 1911 208 1980 amodo
241 1913 384 1981 excitare,
414 1928 480 1970 cum
508 1910 626 1971 interim
648 1909 795 1982 Metellus,
823 1913 944 1988 ignarus
973 1911 1136 1975 hostiumr·

120 2002 220 2057 monte
234 1994 408 2074 degrediens
422 2013 489 2055 cum
508 1995 639 2055 exercitu
668 1997 868 2075 conspicatur,
886 1996 982 2071 primo
995 1993 1104 2056 dubius

122 2080 260 2158 quidnam
282 2079 397 2138 insolita
418 2079 508 2139 facies
531 2079 698 2139 ostenderet
726 2112 761 2123 -
785 2096 854 2138 nam
880 2080 956 2139 inter
979 2077 1103 2154 virgula

122 2164 188 2239 equi
207 2161 407 2238 Numidaeque
431 2161 640 2230 consederant,
662 2179 758 2240 neque
778 2162 864 2241 plane
889 2161 1025 2222 occultati
1046 2161 1102 2222 bu-

120 2245 241 2304 militate
258 2242 407 2312 arborum,
421 2250 450 2305 et
466 2251 564 2304 tamen
579 2244 682 2304 incerti
699 2247 838 2323 quidnam
853 2253 944 2315 esset,
967 2263 1033 2306 cunr
1049 2263 1101 2305 na·

120 2336 187 2391 tura
205 2327 262 2387 loci
279 2333 341 2387 tum
359 2326 426 2387 dolo
447 2327 501 2405 ipsi
517 2335 603 2407 atque
623 2330 705 2404 signa
724 2330 858 2391 militaria
880 2328 1028 2391 obscurati
1053 2345 1135 2398 —,as

95 2415 190 2475 odein
210 2411 294 2472 brevi
311 2411 434 2488 cognitis
451 2411 562 2472 insidiis
581 2411 730 2491 paulisper
745 2431 849 2492 agmen
870 2415 1025 2474 constituit
1057 2411 1102 2471 lbi

122 2497 295 2559 conmutatis
308 2495 459 2555 ordinibus
469 2496 811 2574 indexterolatere,quod
822 2514 1000 2575 proxumum
1010 2496 1102 2556 hostis

122 2588 198 2648 erat,
220 2577 383 2655 triplicibus
403 2577 539 2637 subsidiis
560 2581 652 2638 aciem
673 2580 821 2647 instruxit,
843 2580 920 2638 inter
937 2579 1102 2655 manipulos

122 2662 283 2739 funditores
302 2665 332 2719 et
345 2660 508 2738 sagittarios
527 2660 666 2736 dispertit,
684 2661 842 2737 equitatum
859 2675 974 2720 ornnem
989 2661 1018 2720 in
1035 2678 1100 2720 cor·

121 2747 208 2808 nibus
221 2745 307 2814 locat,
328 2760 363 2803 ac
377 2760 471 2822 pauca
491 2759 547 2820 pro
567 2750 699 2819 tempore
719 2741 826 2803 milites
845 2743 980 2804 hortatus
998 2746 1100 2813 aciem,
1111 2760 1137 2802 ao

122 2831 204 2890 sicuti
224 2832 409 2904 instruxerat,
421 2826 594 2886 transvorsis
615 2827 763 2903 principiis
785 2827 815 2887 in
834 2826 954 2905 planum
975 2828 1100 2888 deducit.

72 2915 112 2975 50
123 2913 173 2971 Set
186 2909 238 2969 ubi
252 2907 391 2969 Numidas
410 2909 523 2986 quietos
538 2914 634 2985 neque
653 2907 726 2967 colle
748 2908 869 2986 degredi
887 2908 1100 2977 animadvortit,

123 2995 231 3056 veritus
252 3009 288 3052 ex
304 2991 371 3050 anni
385 2996 517 3069 tempore
539 2997 568 3050 et
589 2992 685 3069 inopia
699 3008 805 3069 aquae,
825 3009 864 3053 ne
877 2993 925 3053 siti
941 2992 1100 3053 conficere·

122 3087 171 3140 tur
188 3075 346 3144 exercitus,
369 3076 403 3136 P.
422 3074 562 3135 Rutilium
580 3073 709 3153 legatum
731 3091 799 3136 cum
815 3077 957 3156 expeditis
975 3077 1101 3139 cohorti·

123 3163 179 3224 bus
196 3168 225 3223 et
236 3166 320 3237 parte
335 3161 465 3237 equitum
481 3160 630 3237 praemisit
646 3159 681 3220 ad
695 3158 814 3231 flumen,
830 3163 874 3221 uti
887 3161 985 3222 locum
1000 3159 1101 3220 castris
1110 3175 1135 3216 av

123 3249 319 3324 antecaperet,
343 3243 519 3303 existumans
536 3243 629 3304 hostis
647 3242 752 3304 crebro
768 3245 868 3322 inpetu
882 3250 912 3304 et
927 3243 1100 3304 transvorsis

123 3330 242 3410 proeliis
264 3329 319 3388 iter
339 3343 425 3386 suum
446 3332 647 3387 remoraturos
669 3333 698 3386 et
719 3328 856 3404 quoniam
881 3327 970 3386 arnus
988 3325 1100 3387 diffide·

98 3421 200 3483 2rent‚
215 3410 415 3472 lassitudinem
429 3415 458 3470 et
471 3409 547 3469 sitim
562 3409 685 3470 militum
694 3415 895 3487 temptaturus.
915 3408 1025 3471 Deinde
1039 3411 1101 3488 ipse
