2392 3848
134 172 175 235 74
311 191 353 230 on
374 190 474 232 nunno
497 187 691 233 mersurum
715 191 741 230 c.
763 174 807 228 58.
829 173 871 228 59.
894 175 937 229 co.

103 354 121 402 2
135 342 215 402 tibus
226 346 343 419 portam
352 339 502 416 inrumpit.
518 339 658 398 Atncstri
668 337 825 414 repentino
835 343 916 397 metu
925 338 1057 415 perculsi
1064 340 1120 400 sibi

137 427 260 503 quisque
271 441 326 501 pro
337 423 469 483 moribus
484 421 655 482 consulunt:
674 421 723 480 alii
734 420 838 497 lugere
850 419 898 480 alii
910 440 992 483 arma
1003 440 1119 502 capere,

104 519 122 571 3
136 525 243 585 magua
253 524 324 586 pars
334 504 477 567 volnerati
491 514 541 566 aut
558 506 656 565 occisi.
686 504 823 565 Ceterum
843 521 878 562 ex
896 507 975 566 omni
989 507 1120 567 multitu·

137 592 205 652 diue
222 609 282 651 non
299 589 423 669 amplius
441 589 647 667 quadraginta,
673 604 820 648 memores
841 590 969 648 nominis
986 589 1119 660 Romani,
1147 631 1151 637 -

136 693 227 753 grege
237 674 314 736 lacto
326 673 423 735 locum
442 691 548 751 cepere
565 671 652 752 paulo
669 691 758 750 quam
769 670 819 730 alii
836 671 1005 743 editiorem,
1023 691 1145 750 nequc5

136 760 206 819 inde
217 775 354 818 maxuma
366 759 393 817 ri
405 755 514 836 depelli
528 760 698 836 quiverunt,
715 763 760 816 set
776 753 835 814 tela
848 758 962 816 eminus
975 759 1063 819 missa
1073 776 1121 818 re-

137 845 264 912 mittere,
277 842 364 920 pauci
375 844 405 902 in
417 840 553 920 pluribus
564 842 662 900 minus
671 841 819 900 frustrati:
840 841 885 899 sin
896 839 1040 902 Numidae
1052 860 1122 920 pro-

141 929 207 1004 pius
225 928 431 996 adcessissent,
453 925 494 986 ibi
515 944 585 986 vero
606 928 742 988 virtutem
764 925 918 986 ostendere
937 932 966 985 et
986 943 1037 987 eos
1058 945 1119 987 ma-

113 1029 229 1078 exuma
250 1012 279 1071 vi
299 1010 431 1080 caedere,
455 1009 578 1070 fundere
599 1016 686 1088 atque
701 1010 812 1085 fugare.
852 1007 973 1069 Interim
988 1008 1120 1071 Metellus

141 1112 208 1154 cum
235 1112 390 1155 acerrume
416 1111 481 1153 rem
499 1100 630 1169 gereret,
658 1091 813 1152 tumultum
837 1091 972 1151 hostilem
997 1112 1014 1153 a
1035 1100 1154 1170 tergere

141 1178 268 1254 accepit:
304 1177 370 1237 dein
404 1193 546 1236 convorso
571 1193 646 1253 equo
669 1175 872 1236 animadvortit
898 1173 998 1251 lugam
1025 1176 1120 1238 adse

113 1277 260 1327 avorsum
281 1260 360 1330 lieri,
386 1277 532 1339 quaeres
557 1258 703 1319 iudicabat
727 1257 876 1336 popularis
905 1276 979 1318 esse.
1027 1260 1119 1336 Igitur

141 1344 300 1422 equitatum
323 1360 439 1403 omnem
463 1343 500 1403 ad
527 1349 619 1404 castra
638 1359 765 1420 propere
787 1343 878 1411 misit,
910 1344 1055 1403 aestatim
1083 1345 1117 1405 G.

140 1427 264 1489 llarium
283 1445 350 1488 cum
370 1426 540 1487 cohortibus
561 1427 721 1495 sociorum,
744 1443 869 1504 eumque
882 1425 1048 1487 lacrumans
1063 1445 1118 1504 per

140 1512 294 1571 amicitiam
315 1528 427 1589 perque
448 1529 511 1571 rem
533 1509 679 1587 publicam
695 1508 837 1577 obsecrat,
852 1527 891 1567 ne
911 1526 998 1586 mam
1015 1517 1152 1571 contu-n

140 1593 256 1655 meliam
277 1612 432 1655 remanere
454 1596 484 1654 iu
505 1594 634 1655 exercitu
655 1594 779 1660 victore,
803 1609 876 1651 neve
897 1591 989 1651 hostis
1010 1593 1118 1654 inultos

113 1677 221 1748 pabire
240 1679 323 1737 sinat.
345 1676 397 1737 lile
415 1677 497 1737 brevi
517 1676 651 1736 mandata
672 1676 767 1736 eflicit.
807 1675 845 1734 At
864 1674 1002 1752 Iugurtha
1022 1679 1117 1738 muni·

139 1765 237 1820 mento
258 1766 421 1820 castrorum
442 1758 601 1837 inpeditus,
626 1777 692 1820 cum
714 1759 761 1820 alii
777 1776 865 1836 super
883 1757 989 1819 vallum
1002 1761 1116 1838 praeci-

138 1845 318 1921 pitarentur,
336 1842 384 1903 alii
398 1844 428 1903 in
444 1843 583 1919 angustiis
597 1841 652 1920 ipsi
665 1841 719 1902 sibi
733 1848 926 1920 properantes
944 1841 1114 1913 obiicerem,

139 1925 237 1988 multis
255 1927 368 1988 amissis
382 1928 412 1988 in
427 1925 491 1987 loca
508 1927 618 1986 munita
630 1944 693 1986 sese
709 1927 829 2003 recepit.
859 1925 991 1986 Metellus
1005 1927 1114 1989 iniecto
1124 1947 1150 1987 se

138 2013 270 2086 negotio,
292 2017 447 2089 postquam
468 2028 527 2070 nox
548 2010 663 2079 aderat,
685 2010 714 2068 in
732 2016 825 2069 castra
842 2027 908 2069 cum
923 2011 1052 2072 exercitu
1067 2029 1114 2072 re·

138 2095 269 2153 vortitur.
370 2136 374 2141 .

86 2171 127 2231 59
221 2175 312 2250 igitur
327 2181 445 2251 postero
460 2175 506 2236 die
517 2177 599 2251 prius
615 2193 701 2252 quam
725 2175 761 2235 ad
784 2174 1010 2252 obpugnandum
1031 2193 1114 2253 egre·

138 2258 267 2327 deretur,
285 2258 443 2336 equitatum
459 2277 575 2319 omnem
597 2261 626 2318 in
644 2277 679 2319 ea
696 2266 788 2337 parte,
810 2277 867 2337 qua
881 2262 959 2336 regis
974 2259 1114 2322 adventus

138 2349 209 2412 erat,
226 2359 282 2419 pro
299 2343 401 2402 castris
416 2344 526 2419 agitare
542 2342 630 2412 iubet,
648 2350 749 2419 portas
771 2349 799 2404 ot
820 2360 961 2420 proxuma
982 2343 1047 2404 loca
1062 2346 1149 2404 tri-25

137 2425 224 2487 bunis
253 2425 396 2505 dispertit,
425 2426 530 2488 deinde
550 2429 612 2505 ipse
632 2428 729 2504 pergit
749 2426 786 2487 ad
807 2426 945 2504 oppidum
966 2433 1051 2504 atque
1073 2431 1116 2488 uti

137 2510 291 2586 superiore
302 2509 347 2569 die
354 2528 471 2570 murum
479 2510 657 2586 adgreditur.
671 2508 791 2570 Interim
801 2509 941 2586 iugurtha
953 2528 988 2570 ex
999 2509 1114 2572 occulto

109 2597 259 2668 erepentc
274 2596 389 2648 nostros
403 2593 525 2651 invadit:
542 2594 631 2668 quiin
648 2610 793 2668 proxumo
807 2592 893 2652 locati
905 2591 1028 2659 fuerant,
1040 2610 1112 2669 pau·

111 2672 227 2751 ausper
248 2671 342 2733 territi
362 2672 587 2747 perturbantur,
609 2674 712 2734 relicui
727 2676 783 2734 cito
798 2673 981 2735 subveniunt.
1011 2673 1113 2752 Neque

137 2758 244 2818 diutius
265 2754 406 2816 Numidae
429 2756 565 2816 resistere
580 2758 750 2835 quivissent,
772 2758 802 2816 ni
816 2757 929 2834 pedites
947 2775 1013 2818 cum
1032 2759 1148 2836 equi-ae

135 2840 214 2899 tibus
232 2839 368 2915 permixti
383 2854 519 2914 magnam
535 2838 647 2899 cladem
661 2841 691 2898 iu
713 2855 872 2914 congressu
886 2839 1031 2900 iacerent:
1049 2842 1111 2916 qui·

135 2921 191 2982 bus
205 2919 245 2979 illi
266 2919 342 2985 freti,
360 2935 429 2988 non,
449 2921 491 2979 uti
507 2923 635 2998 equestri
649 2920 761 2997 proelio
778 2921 967 3001 solet-sequi,
980 2921 1046 2981 dein
1064 2939 1111 2982 ce·

136 3004 216 3072 dere,
233 3008 277 3062 set
291 3001 420 3061 advorsis
437 3003 518 3080 equis
531 3020 717 3073 conciurere,
733 3001 873 3082 inplicare
888 3023 922 3065 ac
938 3004 1111 3084 perturbare

136 3089 243 3148 aciem:
261 3087 299 3146 ita
319 3086 459 3162 expeditis
472 3087 617 3166 peditibus
631 3088 690 3149 suis
705 3086 796 3148 hostis
810 3106 904 3166 paene
920 3092 1010 3150 victos
1030 3089 1109 3149 dare.

85 3171 126 3233 60
136 3171 246 3232 Eodem
264 3176 397 3247 tempore
417 3171 495 3248 apud
516 3171 634 3231 Zamam
655 3173 808 3249 magnavi
833 3173 1010 3235 certabatur.
1054 3171 1145 3233 Ubio

137 3257 258 3333 quisque
285 3253 398 3330 legatus
421 3259 469 3313 aut
495 3252 630 3314 tribunus
649 3255 783 3324 curabat,
811 3274 846 3317 eo
873 3272 1027 3316 acerrume
1048 3257 1109 3327 niti,

135 3356 230 3416 nequo
243 3337 315 3398 alius
335 3338 364 3397 in
379 3335 435 3397 alio
450 3337 542 3413 magis
556 3355 643 3415 quam
662 3339 691 3397 in
711 3355 775 3399 sese
789 3356 869 3416 spem
886 3337 1011 3398 hahere:
1033 3341 1111 3416 pari·

133 3428 238 3495 terque
253 3421 388 3497 oppidani
405 3436 507 3498 agere:
523 3419 693 3497 obpugnare
704 3426 754 3481 aut
763 3438 868 3498 parare
880 3421 1015 3483 omnibus
1029 3423 1111 3492 locis,
