2392 3848
8 234 13 285 g
120 191 160 250 70
324 166 368 250 nu
384 208 488 252 aeneo
508 208 709 251 morannum
732 208 759 250 c.
784 200 827 253 52.
844 200 887 254 53.

7 384 16 445 ς
68 350 277 434 52pugnando
302 358 437 417 retinere.
482 357 525 417 Eo
550 358 637 418 modo
664 359 740 417 iuter
766 373 797 416 sc
820 355 877 416 duo
894 354 1096 432 imperatores,

7 454 10 463 ·
119 441 225 501 summi
236 442 298 509 riri,
312 439 471 511 certabant,
487 443 542 518 ipsi
552 459 647 519 pares,
663 447 795 501 ceterum
807 438 911 518 opibus
921 437 1095 515 disparibus.

96 523 196 584 2Nam
212 522 326 583 lletello
345 525 435 584 vlrtus
446 524 569 584 militum
585 531 661 591 erat,
676 524 758 584 locus
773 522 922 591 advorsus,
939 521 1100 599 Iugurthae

94 606 176 666 3aIIa
198 608 292 665 omnta
309 612 425 683 praeter
438 607 545 667 milites
557 615 734 685 opportuna.
749 605 881 683 Denique
894 604 1027 672 Romani,
1046 603 1100 669 ubi

120 688 291 765 intellegunt
303 707 400 768 neque
411 690 465 750 sibi
476 689 641 767 perfugium
652 707 716 750 esse
727 707 823 767 neque
838 688 874 748 ab
884 688 969 748 hoste
984 688 1119 766 coptame

119 772 268 850 pugnandi
288 773 351 833 deri
370 806 406 817 -—
425 779 454 832 et
473 774 530 832 iam
546 773 592 833 die
606 791 710 851 vesper
730 778 792 832 erat
808 806 855 841 -,
871 771 995 832 advorso
1012 769 1097 845 colle,

94 857 206 916 esicuti
227 863 415 933 praeceptum
438 856 542 924 iuerat,
567 855 700 916 evadunt.
742 855 856 916 Amisso
874 854 939 914 loco
955 853 1098 917 Numidae

121 940 178 1000 lusi
196 939 359 1017 fugatique:
375 941 461 1016 pauci
482 940 628 1008 interiere,
644 939 801 1016 plerosque
818 937 955 998 velocitas
970 944 1000 998 et
1014 937 1099 1013 regio

121 1021 253 1083 hostibus
271 1024 373 1100 ignara
388 1028 479 1082 tutata
501 1028 577 1081 sunt.

95 1117 111 1166 e
204 1105 320 1166 Interea
340 1104 500 1174 Bomilcar,
524 1123 610 1183 quem
632 1104 791 1182 elephantis
812 1111 841 1164 et
857 1105 933 1182 parti
948 1105 1135 1182 copiarumro

123 1190 302 1265 pedestrium
317 1187 498 1267 praelectum
510 1187 546 1248 ab
560 1187 701 1264 Iugurtha
715 1204 803 1265 supra
819 1188 953 1257 diximus,
965 1186 1017 1248 ubi
1031 1206 1099 1249 eum

122 1270 247 1331 Rutdius
261 1278 497 1350 praetergressus
513 1278 564 1342 est,
586 1272 726 1351 paulatim
744 1289 813 1332 suos
834 1272 863 1331 in
884 1289 986 1332 aecum
999 1271 1099 1333 locum

123 1355 241 1416 deducit
261 1375 311 1425 ac,
336 1355 405 1416 dum
425 1355 537 1434 legatus
564 1357 599 1416 ad
620 1355 730 1416 llumen
754 1374 812 1434 quo
833 1356 1010 1432 praemissus
1037 1363 1100 1416 erat

123 1439 261 1500 testinans
275 1441 386 1517 porgit,
410 1440 533 1518 quietus,
553 1441 596 1499 uti
610 1457 659 1499 res
674 1436 847 1516 postulabat,
867 1439 959 1499 actem
977 1446 1100 1500 exornat

96 1530 219 1602 cneque
240 1525 360 1584 remIttit
378 1522 447 1601 quid
463 1521 571 1600 ubique
592 1522 683 1581 hostis
699 1528 799 1599 ageret
820 1521 982 1601 explorare.
1016 1523 1134 1586 Post-rr

125 1625 211 1686 quam
238 1606 377 1668 Rutilium
409 1604 574 1666 consedisse
596 1606 704 1664 iamet
728 1605 824 1665 animo
843 1623 965 1667 vacuom
987 1608 1100 1685 accepit

123 1689 266 1767 simulque
285 1709 321 1750 ex
339 1689 497 1766 Iugurthae
510 1688 621 1767 proelio
637 1687 795 1749 clamorem
810 1689 920 1767 augeri,
936 1691 1100 1752 veritusne

123 1772 235 1848 legatus
257 1774 370 1850 cognita
397 1791 431 1832 re
450 1770 651 1832 laborantibus
672 1773 731 1833 suis
755 1772 860 1833 auxilio
883 1772 973 1842 soret,
996 1773 1099 1844 aciem,

124 1873 210 1933 quam
227 1854 361 1916 diflidens
382 1856 481 1916 virtuti
502 1854 627 1917 milltum
644 1863 706 1916 arte
721 1862 875 1926 statuerat,
899 1875 957 1935 quo
971 1856 1100 1919 hostium

123 1940 218 1999 itineri
233 1938 373 2002 obiiceret
385 1938 471 2000 latIus
489 1941 613 2018 porrigIt
635 1941 829 2021 ecquomodo
844 1941 880 2001 ad
899 1939 988 2000 Rutili
1005 1947 1134 2004 castrare

73 2017 264 2100 bdprocedit.
295 2022 418 2083 Romani
441 2042 476 2084 ex
496 2024 643 2101 inproviso
659 2023 786 2102 pulveriS
808 2025 865 2084 vim
881 2040 1016 2102 magnam
1037 2026 1100 2086 aui·

125 2106 324 2165 madvertunt:
346 2125 414 2166 nam
434 2114 622 2183 prospectum
643 2122 713 2182 ager
735 2105 861 2168 arbustis
883 2109 1010 2168 consitus
1031 2125 1100 2186 pro·

124 2186 251 2248 bibebat.
292 2188 328 2248 Et
348 2189 442 2267 primo
466 2189 522 2248 rati
543 2188 666 2250 humum
680 2190 791 2251 aridam
804 2198 889 2252 vento
907 2192 1019 2268 agitari,
1034 2199 1102 2271 post

124 2271 176 2332 ubi
187 2270 367 2349 aequabilem
382 2289 501 2332 manere
511 2278 548 2342 et,
560 2274 644 2333 sicuti
656 2275 732 2335 acies
742 2274 922 2345 movebatur,
935 2275 1027 2352 magis
1038 2292 1101 2335 ma·

125 2357 227 2434 gisque
242 2355 476 2436 adpropinquare
488 2355 594 2427 vident,
615 2359 730 2434 cognita
751 2376 785 2420 re
805 2368 996 2438 properantes
1019 2376 1135 2422 armare

97 2445 113 2492 2
125 2442 242 2517 capiunt
253 2459 287 2500 ao
297 2458 352 2518 pro
364 2443 474 2510 castris,
489 2441 573 2502 sicuti
580 2444 789 2523 imperabatur,
796 2443 964 2503 consistunt.
979 2441 1099 2511 Delude,

123 2523 174 2582 ubi
188 2525 308 2601 proptus
322 2530 440 2585 ventum
456 2531 508 2593 est,
524 2525 672 2604 utrimque
682 2542 788 2605 magno
804 2524 931 2586 clamore
949 2528 1100 2586 concurri-

97 2612 182 2666 3tur.
226 2605 367 2666 Numidae
388 2615 500 2667 tautum
521 2607 609 2667 modo
628 2609 775 2676 remorati,
800 2608 870 2668 dum
888 2609 917 2667 in
940 2607 1102 2685 elephantis

124 2688 261 2751 auxilium
284 2695 400 2770 putant,
428 2695 582 2770 postquam
603 2707 654 2751 eos
674 2690 819 2770 inpeditos
840 2691 930 2752 ramis
960 2689 1101 2752 arborum

124 2781 210 2853 atque
232 2775 271 2833 ita
294 2773 429 2834 disiectos
449 2774 653 2834 circumveniri
674 2774 780 2844 vident,
805 2775 904 2852 lugam
925 2774 1044 2843 tacIunt,
1067 2792 1137 2837 aceo

123 2856 255 2933 plerique
270 2855 389 2915 abiectis
408 2859 498 2916 armis
514 2855 596 2915 collis
610 2862 660 2915 aut
680 2858 791 2925 noetis,
814 2874 888 2934 quae
909 2858 966 2915 iam
989 2857 1099 2926 aderat,

96 2936 230 2998 taurilio
250 2939 358 3014 integri
375 2937 492 2998 abeunt.
543 2936 696 3014 Elephanti
723 2944 859 3015 quattuor
885 2939 976 3014 capti,
999 2937 1101 3000 relicui

125 3037 241 3091 omncs,
263 3039 387 3082 numero
409 3021 609 3102 quadraginta,
630 3019 784 3081 Interfecti.

98 3118 114 3168 5
208 3103 245 3165 dt
263 3103 387 3166 Romani
405 3123 581 3186 quamquam
601 3105 704 3167 itinere
725 3111 812 3186 atque
831 3124 921 3186 opere
938 3113 1101 3168 castrorum

125 3197 154 3251 et
164 3188 276 3270 proelio
294 3189 361 3249 fessi
381 3189 505 3270 laetique
521 3192 642 3250 uictoria
658 3197 757 3260 erant,
777 3197 889 3260 tamen,
905 3189 984 3268 quod
1001 3187 1136 3254 Metel-ae

124 3274 171 3334 lus
193 3272 317 3351 amplius
347 3274 484 3350 opinione
507 3273 691 3342 morabatur,
714 3274 847 3335 instructi
867 3273 1027 3350 intentique
1049 3272 1101 3332 ob-

23 3420 26 3425 ,
97 3359 200 3417 oviam
217 3355 395 3434 procedunt:
418 3374 486 3417 nam
504 3356 587 3417 dolus
607 3356 799 3418 Numidarum
814 3355 885 3417 nihil
906 3355 1036 3432 languidi
1050 3375 1101 3418 ne·

97 3452 182 3517 7que
199 3441 315 3501 remissi
330 3441 503 3519 patiebatur.
531 3440 572 3500 hc
587 3443 683 3519 prImo
698 3440 824 3502 obscura
837 3445 932 3510 nocte,
946 3446 1102 3521 postquam
