2392 3848
210 212 253 251 on
278 210 450 253 erratura
475 209 716 252 oonrvnsrrons
742 208 769 250 c.
789 199 843 253 Sl·
878 200 921 254 38.
944 201 985 254 39.
1025 195 1062 256 19

88 376 145 417 nus
164 358 250 418 domo
271 358 432 434 expulerat,
456 360 482 419 ei
499 357 621 417 Romam
642 359 716 417 siout
736 357 765 414 in
788 356 929 415 sentinam
949 356 1058 416 conilu·

90 447 201 504 xerant.
219 441 329 501 Deinde
345 441 428 502 multi
441 458 586 501 memores
604 439 737 500 Sullanae
756 440 907 505 victoriae,
931 440 1008 515 quod
1025 447 1085 497 exo

90 523 230 599 gregariis
246 523 384 583 militibus
397 522 468 584 alios
488 529 636 584 senatores
650 522 798 590 videbant,
820 520 890 581 alios
905 523 943 580 ita
961 521 1060 581 divites

90 613 123 665 ut
138 607 219 681 regio
234 608 310 665 victu
326 613 411 686 atque
427 606 504 667 cultu
522 613 644 666 aetatem
660 614 793 682 agerent,
817 604 870 664 sibi
885 606 1015 682 quisque,
1038 605 1062 663 si

68 689 119 747 rin
137 690 225 747 armis
247 687 330 757 soret,
350 707 386 749 ox
399 691 517 749 victoria
531 687 598 748 talia
614 687 760 765 sperabat.
787 688 941 747 Praeterea
962 689 1087 746 iuven-7

89 778 154 838 tus,
177 787 251 846 qnae
272 773 302 829 in
323 773 400 846 agris
419 789 559 830 manuum
579 770 715 829 mercede
736 770 861 845 inopiam
880 769 1062 837 toleraverat,

89 853 211 926 privatis
232 860 318 928 atque
340 851 463 929 publicis
483 851 682 929 largitionibus
698 852 788 911 excita
805 850 950 911 urbanum
973 853 1063 909 otium

91 934 204 1010 ingrato
228 932 321 993 labori
340 933 526 1010 praetulerat.
569 935 626 994 Eos
645 943 730 1012 atque
751 932 822 993 alios
842 936 934 992 omnis
955 932 1088 992 malum8

91 1015 239 1093 publicum
254 1015 361 1077 alebat:
378 1035 435 1094 quo
448 1019 544 1077 minus
560 1017 724 1077 mirandum
738 1023 781 1077 ost
794 1016 927 1076 homines
942 1016 1062 1092 egentis,

57 1113 81 1154 ro
91 1097 173 1158 malis
189 1098 320 1159 moribus
333 1117 468 1160 maxuma
483 1116 550 1177 spe,
574 1102 617 1160 rei
630 1099 765 1176 publicae
779 1101 858 1159 iuxta
873 1117 907 1159 ac
924 1098 978 1158 sibi
994 1116 1062 1158 con·

91 1179 222 1241 suluisse.
264 1182 418 1242 Praeterea
440 1200 565 1260 quorum
583 1184 710 1242 victoria
723 1181 819 1242 Sullae
838 1190 973 1259 parentes
995 1185 1090 1259 pro-9

91 1265 199 1341 scripti,
216 1263 293 1323 bona
307 1271 414 1341 erepta,
424 1266 468 1324 ius
482 1264 621 1325 libertatis
635 1267 807 1325 inminutum
823 1273 893 1335 erat,
910 1265 980 1325 baut
994 1282 1063 1324 sane

92 1345 146 1404 alio
165 1348 261 1406 animo
283 1345 351 1406 belli
366 1354 499 1407 eventum
520 1347 718 1424 expectabant.
749 1347 792 1406 Ad
810 1348 868 1407 boc
886 1350 1062 1424 quicumque
1073 1353 1105 1404 10

92 1429 213 1489 aliarum
228 1436 315 1506 atque
326 1437 444 1489 senatus
459 1431 585 1505 partium
601 1437 693 1497 erant,
707 1428 875 1489 conturbari
891 1447 954 1489 rem
968 1428 1062 1505 publi·

58 1530 83 1570 rs
93 1529 158 1571 carn
172 1529 259 1590 quam
272 1513 368 1571 minus
384 1511 481 1572 valere
491 1514 546 1588 ipsi
558 1510 712 1572 malebant.
733 1511 766 1573 ld
780 1512 851 1571 adeo
865 1511 973 1571 malum
987 1511 1103 1572 mul-11

93 1602 137 1653 tos
154 1603 220 1673 post
237 1611 329 1654 annos
343 1597 373 1654 in
388 1596 531 1654 civitatem
546 1601 715 1655 revorterat.
749 1593 823 1654 Nam
840 1600 993 1673 postquam
1009 1595 1062 1654 Gn.
1073 1599 1112 1661 38

92 1677 230 1753 Pompeio
245 1675 302 1756 [et]
315 1677 352 1736 M.
370 1676 473 1737 Crasso
488 1676 654 1737 consulibus
671 1677 824 1736 tribunicia
838 1683 966 1754 potestas
980 1679 1063 1736 resti-

93 1767 152 1817 tuta
168 1765 227 1828 est,
250 1758 382 1819 homines
399 1760 598 1820 adulescentes
612 1778 755 1820 summam
772 1766 943 1836 potestatem
957 1760 1063 1828 nancti,

99 1840 203 1918 quibus
216 1849 295 1902 aetas
308 1842 478 1918 animusque
493 1841 576 1902 ferox
592 1849 662 1909 erat,
679 1860 803 1919 coepere
821 1851 953 1902 senatum
968 1843 1064 1902 crimi-

58 1922 188 1988 ronando
207 1922 324 2000 plebem
342 1925 502 2000 exagitare,
525 1924 591 1984 dein
606 1924 758 2000 largiundo
776 1932 862 2002 atque
880 1923 1063 2000 pollicitando

92 2007 183 2083 magis
193 2006 366 2067 incendere:
382 2008 421 2066 ita
435 2008 490 2085 ipsi
504 2005 575 2066 clari
587 2013 778 2085 potentesque
794 2006 866 2066 fieri.
894 2005 999 2066 Contra
1015 2016 1090 2065 eost

92 2107 205 2149 summa
221 2106 276 2167 ope
294 2089 441 2149 nitebatur
458 2089 598 2167 pleraque
615 2089 749 2149 nobilitas
764 2096 881 2149 senatus
899 2089 995 2165 specie
1010 2105 1063 2164 pro

92 2189 145 2231 sua
156 2171 362 2249 magnitudine.
384 2171 529 2249 Namque,
547 2174 589 2232 uti
599 2174 700 2249 paucis
712 2189 814 2232 rerum
828 2170 983 2239 absolvam,
1000 2178 1090 2247 post3

95 2253 191 2315 Sullae
203 2262 333 2332 tempora
344 2256 519 2334 quicumque
533 2273 596 2316 rem
611 2254 756 2332 publicam
769 2256 922 2330 agitavere,
937 2253 1065 2313 honestis

57 2362 82 2400 ῃ
94 2336 268 2405 nominibus,
290 2336 337 2397 alii
350 2338 433 2396 sicuti
448 2335 548 2413 populi
562 2340 625 2397 iura
641 2337 839 2404 defenderent,
861 2352 929 2412 pars
947 2353 1004 2412 quo
1019 2352 1064 2394 se-

91 2425 177 2477 natus
193 2420 348 2478 auotoritas
362 2435 497 2478 maxuma
511 2419 596 2487 soret,
614 2418 723 2477 bonum
737 2418 886 2494 publicum
899 2417 1064 2477 simulantes

91 2516 146 2576 pro
168 2516 220 2560 sua
247 2501 369 2578 quisquc
396 2502 524 2577 potentia
547 2499 706 2560 certabant.
731 2501 831 2578 Neque
850 2499 905 2559 illis
926 2499 1064 2559 modestia

91 2600 187 2661 neque
202 2582 306 2642 modus
323 2583 516 2642 contentionis
531 2593 603 2643 erat:
619 2583 732 2661 utrique
746 2584 895 2642 victoriam
908 2580 1064 2642 crudeliter

92 2665 276 2726 exercebant.
305 2665 355 2725 Set
365 2672 519 2744 postquam
533 2665 588 2724 Gn.
603 2666 759 2743 Pompeius
775 2666 811 2724 ad
821 2664 931 2724 bellum
944 2667 1064 2724 maritu·
1075 2663 1114 2722 39
1169 2742 1177 2747 -

57 2773 82 2814 30
91 2765 172 2807 mum
187 2754 272 2825 atquc
286 2746 510 2807 Mithridaticum
522 2749 626 2807 missus
640 2755 692 2816 est,
706 2747 800 2824 plebis
813 2765 884 2826 opes
896 2748 1062 2814 inminutae,

91 2846 252 2906 paucorum
265 2830 393 2907 potentia
410 2830 508 2889 crexit.
536 2829 570 2888 Ei
583 2831 767 2905 magistratus
778 2829 941 2907 provincias
953 2827 1090 2907 aliaqueo

92 2914 188 2972 omnia
201 2919 318 2973 tenere:
332 2913 389 2989 ipsi
402 2913 512 2972 innoxii
521 2911 658 2973 llorentes
669 2913 731 2973 sine
741 2919 821 2974 metu
832 2919 955 2973 aetatem
967 2928 1063 2988 agere,

88 3004 214 3063 ceteros,
230 2996 279 3071 qui
293 2993 410 3072 plebem
424 2997 455 3052 in
467 2995 640 3071 magistratu
651 2993 796 3072 placidius
808 3003 980 3071 tractarent,
995 2995 1071 3055 iudi·

90 3079 274 3138 ciisterrere.
292 3075 343 3136 Set
353 3076 405 3136 ubi
415 3077 544 3154 primum
555 3075 653 3136 dubiis
662 3076 751 3136 rebus
759 3079 885 3140 novandi
897 3097 965 3158 spes
976 3077 1102 3142 oblatae

60 3177 85 3220 rs
95 3167 148 3229 est,
171 3164 253 3220 vetus
271 3165 420 3221 certamen
435 3162 546 3220 animos
563 3177 665 3220 eorum
683 3162 802 3224 adrexit.
835 3165 920 3236 Quod
934 3167 959 3224 si
974 3167 1095 3242 prim04

96 3240 207 3317 proelio
226 3241 346 3303 Catilina
363 3243 497 3319 superior
520 3251 569 3302 aut
583 3261 675 3322 aequa
690 3263 778 3307 manu
791 3247 983 3318 discessisset,
1000 3266 1068 3325 pro-

96 3323 172 3384 iecto
186 3341 292 3402 magna
314 3322 411 3385 clades
430 3331 516 3403 atque
537 3325 682 3387 calamitas
696 3346 760 3390 rom
781 3328 926 3407 publicam
948 3329 1067 3409 obpres-

96 3406 194 3468 sisset:
211 3425 306 3486 neque
322 3405 394 3477 illis,
411 3409 435 3468 si
448 3409 598 3469 victoriam
614 3409 710 3487 adepti
725 3412 838 3480 forent,
856 3412 967 3472 diutius
979 3416 1132 3544 eastsffl

892 3508 941 3565 (ιλ
