2392 3848
38 247 41 253 ,
123 184 163 245 34
271 203 313 244 aa
333 201 505 245 normanna
529 202 772 246 oomvaarroua
795 203 824 245 o.
843 195 888 249 57.
908 196 952 248 58.

121 351 248 420 sidebat,
271 369 307 411 ex
324 350 492 412 difficultate
508 367 611 411 rerum
628 351 730 412 eadem
745 350 793 411 illa
810 351 1003 422 existumans,
1026 369 1101 431 quae

94 448 211 512 3supra
232 435 372 504 diximus,
395 433 547 496 Catilinam
564 435 684 513 agitare.
727 435 819 513 Igitur
838 435 889 494 ubi
902 436 959 496 iter
980 437 1044 496 eius
1064 455 1101 498 ex

120 518 253 596 perfugis
268 519 413 596 cognovit,
430 523 526 578 castra
546 534 675 595 propere
694 519 784 577 morit
800 536 835 578 ac
855 517 910 579 sub
931 520 1001 596 ipsis
1022 523 1100 583 radi·

122 599 204 661 cibus
220 603 363 662 montium
385 601 530 671 consedit,
552 618 610 678 qua
627 601 668 661 illi
682 602 841 662 descensus
854 607 918 662 erat
931 603 961 662 in
977 603 1099 665 Galliam

94 686 299 763 aproperanti.
321 683 424 763 Neque
435 692 533 746 tamen
543 686 685 746 antonius
696 684 799 763 procul
810 684 920 752 aberat.
932 692 1033 764 utpote
1050 691 1123 767 quis

121 786 227 846 magno
242 769 373 829 exercitu
386 768 459 829 locis
472 768 659 846 aequioribus
673 769 808 846 expedito
826 771 975 814 ******
991 772 1022 832 iu
1031 772 1101 850 luga

95 859 303 930 osequeretur.
328 851 380 912 Set
394 851 514 912 Catilina
528 858 683 931 postquam
696 852 774 913 ridet
786 851 935 914 montibus
950 859 1037 933 atque
1052 872 1101 914 oo·

120 936 177 1012 piis
187 935 315 996 hostium
326 953 391 996 sese
403 934 543 1004 clausum,
555 937 585 994 in
595 934 670 997 urhe
679 936 889 1004 resadvorsas,
903 954 1000 1016 neque
1015 938 1101 1017 fugae

120 1036 217 1096 nequo
233 1019 359 1096 praesidi
373 1017 463 1078 ullam
476 1035 568 1095 spem,
590 1024 741 1096 optumum
763 1019 841 1079 lactu
857 1026 939 1080 ratus
953 1022 983 1080 iu
1003 1021 1052 1083 tali
1067 1040 1101 1083 re

121 1102 269 1162 fortunam
283 1100 353 1162 belli
369 1103 631 1179 temptaro‚statuit
644 1120 711 1162 cum
727 1101 852 1162 Antonio
869 1121 955 1181 quam
973 1107 1134 1183 primumn

122 1183 289 1328 conlliggie.
330 1184 432 1262 ltaque
447 1184 584 1246 contione
598 1185 737 1247 advocata
754 1184 877 1247 huiusce
891 1188 971 1248 modi
992 1191 1100 1250 oratio·

120 1268 229 1328 nemh
268 1269 329 1329 uitz·

70 1363 110 1426 58
206 1351 394 1431 ‘Conpertum
414 1371 470 1432 ego
493 1352 604 1420 habeo,
634 1352 752 1424 milites,
774 1354 865 1416 verba
884 1357 1021 1418 virtutem
1041 1374 1101 1417 non

121 1437 238 1506 addere,
255 1454 353 1515 neque
373 1455 410 1498 ex
428 1439 532 1516 ignavo
545 1446 698 1499 strenuum
714 1456 811 1516 nequae
831 1439 935 1499 fortem
950 1457 987 1500 ex
1000 1441 1101 1500 timido

93 1521 283 1589 2exercitum
297 1522 429 1582 oratione
438 1522 614 1599 inperatoris
623 1521 695 1582 deri.
718 1522 830 1592 Quanta
846 1522 987 1600 cuiusque
1004 1524 1137 1583 animosa

123 1605 243 1665 audacia
254 1610 359 1665 natura
373 1611 423 1665 aut
432 1604 565 1665 moribus
578 1606 662 1672 inest,
676 1610 755 1665 tanta
766 1605 796 1664 in
810 1603 887 1665 bello
901 1611 1002 1682 patere
1013 1605 1098 1671 solet.

119 1687 212 1758 Ouem
223 1704 320 1764 neque
332 1688 422 1765 gloria
434 1704 532 1766 neque
545 1687 676 1765 pericula
690 1690 824 1759 excitant,
840 1691 1017 1768 nequiquam
1031 1688 1102 1749 hor-

95 1776 200 1837 stere:
219 1771 307 1829 timor
329 1770 417 1831 animi
438 1770 559 1832 auribus
574 1770 681 1832 obiicit.
714 1772 765 1833 Set
784 1790 839 1850 ego
860 1790 911 1832 ros
933 1791 991 1854 quo
1008 1791 1103 1851 pauca

122 1871 275 1915 monerem
289 1852 435 1924 advocavi,
450 1855 537 1916 simul
551 1857 593 1917 uti
616 1874 734 1918 causam
754 1857 813 1918 mei
828 1857 929 1917 consili
945 1859 1100 1934 aperirem.

94 1959 111 2006 4
206 1937 290 1999 Scitis
306 1939 450 2017 equidem,
468 1938 581 2008 milites,
604 1941 737 2001 socordia
754 1947 841 2019 atque
859 1941 972 2018 ignavia
987 1938 1102 2002 Lentuli
1110 1957 1138 1998 ao

121 2028 262 2100 quantam¹
277 2023 332 2100 ipsi
341 2021 486 2100 nobisque
498 2022 610 2084 cladem
624 2023 768 2106 adtulerit,
785 2023 1015 2102 quoquomodo,
1031 2023 1102 2083 dum

122 2125 158 2166 ex
173 2107 246 2167 urbe
266 2108 414 2186 praesidia
427 2108 581 2187 obperior,
602 2109 634 2167 in
651 2105 775 2168 Galliam
795 2105 944 2182 proficisci
965 2106 1096 2180 nequive-

91 2192 189 2259 5rim.
232 2190 319 2251 Nunc
340 2209 410 2252 vcro
432 2209 491 2271 quo
512 2189 641 2251 locares
656 2190 862 2258 nostraesiut,
883 2189 965 2250 iuxta
986 2206 1104 2249 mecum

96 2290 224 2340 nonanes
245 2274 418 2353 intellegitis.
459 2275 612 2336 Exercitus
630 2274 757 2335 hostium
776 2273 844 2342 duo,
869 2290 947 2334 unus
964 2271 1001 2333 ab
1016 2271 1101 2340 urbe,

122 2359 195 2421 alter
214 2379 230 2421 a
246 2358 336 2420 Gallia
353 2358 484 2420 obstant:
507 2359 614 2419 diutius
631 2360 662 2419 in
679 2358 725 2419 his
742 2357 814 2418 locis
827 2375 905 2427 esse,
925 2359 950 2417 si
966 2372 1138 2418 mammeas

123 2445 236 2505 animus
251 2443 341 2514 ierat,
357 2443 496 2505 frumenti
512 2442 736 2537 atmeflimum
749 2460 851 2503 rerum
868 2447 983 2520 egestas
1002 2440 1103 2520 prohi-

72 2526 188 2589 78het:
204 2544 390 2605 quocumque
407 2528 450 2589 ire
465 2527 570 2605 placet,
586 2522 665 2587 i'erro
679 2528 735 2587 iter
751 2526 944 2602 aperiundum
960 2532 1012 2585 cst.
1041 2522 1104 2593 Oua

123 2614 244 2685 propter
260 2627 311 2669 vos
322 2627 441 2679 moneo,
458 2612 501 2670 uti
515 2609 585 2668 forti
597 2615 684 2687 atque
699 2615 801 2686 parato
816 2608 913 2667 aniam
924 2608 985 2667 sitis
996 2613 1026 2667 et
1037 2625 1105 2667 cum

123 2691 381 2770 proeliuminibitis
390 2692 580 2754 memineritis
591 2709 641 2751 vos
652 2691 763 2752 divitias
774 2690 864 2752 decus
874 2689 1006 2769 gloriam,
1018 2707 1104 2767 prae·

122 2782 205 2837 terea
231 2776 395 2838 libertatem
415 2782 501 2856 atque
528 2776 652 2853 patriam
676 2775 706 2836 in
721 2775 830 2837 dextris
848 2776 953 2835 vostris
973 2780 1140 2853 portares·

98 2858 156 2924 asi
172 2860 329 2928 vincimus,
357 2861 452 2919 omnia
474 2858 559 2919 nobis
580 2865 641 2919 tuta
664 2865 764 2928 erunt,
787 2864 956 2919 conmeatus
977 2857 1104 2928 abunde,

124 2942 281 3019 municipia
302 2947 390 3019 atque
411 2942 541 3003 coloniae
567 2941 724 3020 patebunt:
753 2944 797 3002 siu
818 2937 909 3002 metu'
921 2941 1104 3010 cesserimus,

83 3043 115 3095 10
126 3026 228 3086 eadem
245 3024 293 3085 illa
314 3024 437 3086 advorsa
450 3026 534 3087 flent:
557 3043 655 3105 neque
671 3025 755 3086 locus
785 3044 881 3105 neque
902 3026 1013 3086 amicus
1027 3026 1105 3105 quis·

81 3125 114 3176 11
127 3127 215 3188 quam
234 3115 322 3185 teget,
346 3127 434 3187 quem
455 3127 536 3170 arma
550 3128 611 3170 non
627 3111 761 3172 texerint.
796 3111 967 3178 Praeterea,
990 3109 1103 3176 milites,

124 3210 184 3253 nou
201 3192 304 3255 eadem
319 3190 405 3253 nobis
427 3199 457 3253 et
468 3192 524 3253 illis
538 3194 722 3256 necessitudo
738 3194 892 3273 inpendet:
913 3210 968 3252 nos
982 3209 1038 3269 pro
1051 3208 1104 3269 pa·
1113 3205 1139 3248 ss

123 3277 180 3337 tria
194 3294 250 3355 pro
264 3275 400 3338 libertate
415 3294 471 3355 pro
484 3277 538 3335 rita
554 3285 709 3342 certamus.
725 3278 781 3338 illis
797 3292 1047 3354 supervacaneum
1062 3282 1106 3335 est

75 3456 116 3503 12
123 3381 178 3442 pm
200 3369 815 3528 pgltssnssrlalcdparapoarpgepffinrtiplripffiemom
828 3445 967 3522 pristinae
981 3443 1078 3504 virtut'
