2392 3848
94 162 135 224 58
298 185 340 225 on
362 183 463 225 nanno
487 183 684 226 rvnvurmuo
709 183 736 224 c.
758 174 801 228 ³1·
823 175 866 228 32·

95 337 181 408 atque
196 347 292 407 paces,
305 337 453 409 postremo
466 331 559 391 divina
571 338 600 391 et
613 330 739 391 humana
750 331 846 389 omnia
857 345 947 407 penes
957 345 1068 406 paucos

94 418 187 482 erant,
209 430 260 472 vos
275 421 381 481 autem,
401 413 457 473 hoc
478 421 522 480 est
542 411 667 491 populus
680 412 837 480 Romanus,
850 411 946 472 invicti
960 410 997 471 ab
1012 409 1068 470 ho·

95 494 196 564 stibus,
202 495 391 572 imperatores
402 498 531 556 omnium
544 496 682 571 gentium,
697 496 766 555 satis
776 494 926 555 habebatis
940 494 1068 555 animam

95 579 236 638 retinere:
259 595 327 638 nam
348 579 516 638 servitutem
538 579 653 656 quidem
681 579 745 655 quis
772 583 901 637 vostrum
928 593 1068 637 recusare

96 660 238 720 audehat?
1078 683 1092 722 s

49 754 84 803 al
179 744 273 821 Atque
289 760 354 820 ego,
377 745 490 805 tametsi
505 746 565 805 viro
579 743 843 819 flagitiosissumum
864 744 1006 803 existumo
1023 742 1068 800 in·

95 843 173 902 pune
188 827 322 888 iniuriam
336 829 495 907 accepisse,
515 834 612 888 tamen
625 845 676 887 vos
691 826 857 887 hominibus
870 824 1068 886 sceleratissu-

96 910 150 969 mis
164 911 324 988 ignoscere,
341 913 477 987 quoniam
493 912 568 971 cives
582 916 662 979 sunt,
678 928 770 988 aequo
786 910 881 970 animo
895 917 1022 986 paterer,
1038 908 1068 966 ni

52 1002 86 1050 22
97 994 293 1053 misericordia
309 994 339 1052 in
353 994 506 1071 pernitiem
520 1010 622 1052 casura
639 1000 723 1052 esset.
754 993 827 1052 Nam
843 1000 871 1052 et
886 991 956 1059 illis,
975 1007 1067 1068 quan·

95 1082 156 1134 tum
177 1075 391 1152 inportunitatis
413 1075 528 1144 habent,
544 1092 647 1152 parum
668 1082 711 1134 est
731 1076 839 1153 inpune
859 1073 934 1134 male
954 1073 1066 1142 iecisse,
1078 1096 1106 1136 ao

95 1157 150 1216 nisi
170 1157 274 1217 deinde
296 1156 422 1218 faciundi
444 1157 560 1217 licentia
583 1158 719 1235 eripitur,
737 1166 766 1217 et
780 1156 861 1217 vohis
876 1165 993 1217 aeterna
1008 1154 1067 1215 sol·

95 1238 213 1299 licitudo
235 1240 410 1309 remanebit,
439 1258 507 1301 cum
526 1239 697 1316 intellegetis
723 1248 773 1301 aut
793 1240 980 1301 serviundum
1003 1256 1067 1300 esse

51 1329 87 1380 ⁴23
97 1329 146 1380 aut
159 1339 213 1399 per
227 1340 330 1382 manus
343 1322 504 1384 libertatem
515 1325 704 1384 retinendam.
723 1323 796 1384 Nam
807 1325 874 1384 fidei
888 1324 1003 1402 quidem
1019 1331 1069 1383 aut

96 1405 268 1467 concordiae
289 1423 363 1484 quae
385 1424 452 1485 spes
474 1408 534 1467 esti
562 1406 709 1467 Dominari
729 1405 769 1466 illi
787 1407 897 1476 volunt,
915 1423 965 1465 vos
982 1405 1069 1466 liberi

96 1507 174 1549 esse:
191 1488 288 1550 iacere
302 1488 343 1550 illi
359 1491 486 1559 iniurias,
500 1507 551 1550 vos
567 1489 738 1566 prohibere:
755 1496 901 1565 postremo
916 1489 1001 1549 sociis
1015 1506 1066 1548 ro·
1076 1509 1103 1550 m

48 1577 85 1624 Ἡ
95 1574 162 1632 stris
184 1572 272 1633 veluti
284 1573 425 1642 hostibus,
446 1572 577 1633 hostibus
598 1590 653 1650 pro
667 1573 752 1632 sociis
769 1579 898 1632 utuntur.
929 1571 1067 1632 Potestne

94 1656 123 1713 in
136 1663 195 1714 tam
217 1656 337 1715 divorsis
358 1655 504 1716 mentibus
524 1672 581 1732 pax
602 1662 651 1715 aut
671 1656 794 1715 amicitia
808 1656 889 1715 esse?

49 1743 86 1794 ab
179 1737 289 1806 Quare
305 1754 410 1797 moneo
425 1738 585 1814 hortorque
598 1756 665 1806 vos,
689 1757 726 1798 ne
743 1744 856 1799 tantum
870 1736 965 1798 scelus
981 1738 1065 1814 inpu-

94 1820 187 1879 nitum
200 1819 344 1879 omittatis.
367 1820 431 1879 Non
446 1820 597 1898 peculatus
614 1823 708 1882 aerari
721 1821 815 1882 laetus
830 1829 887 1892 est,
901 1838 997 1898 neque
1011 1836 1065 1896 per

94 1903 151 1961 vim
171 1902 257 1962 sociis
275 1909 392 1981 ereptae
409 1905 565 1981 pecuniae,
588 1923 662 1983 quae
678 1923 853 1984 quamquam
874 1905 972 1980 gravia
987 1911 1064 1969 sunt,
1076 1921 1102 1962 ao

93 1983 419 2048 tamen'consuetudine
441 1989 497 2047 iam
519 2005 573 2065 pro
594 1989 684 2048 nihilo
705 1987 864 2048 hahentur:
886 1986 962 2046 hosti
983 2002 1065 2045 acer·

93 2086 178 2127 rumo
192 2069 427 2145 proditasenatus
439 2071 604 2137 auctoritas,
616 2065 765 2146 proditum
773 2067 928 2139 imperium
936 2075 1064 2128 vostrum

48 2158 85 2208 ⁴26
95 2156 152 2210 est:
176 2150 254 2209 domi
270 2149 444 2228 militiaeque
465 2167 514 2209 res
535 2149 649 2226 publica
669 2148 795 2209 vaenalis
809 2149 874 2210 luit
907 2149 988 2220 Quae
1010 2151 1066 2210 nisi

94 2233 223 2310 quaesita
238 2239 338 2300 erunt,
352 2233 406 2291 nisi
420 2231 595 2291 vindicatum
608 2233 639 2291 in
653 2233 764 2303 noxios,
778 2233 847 2312 quid
862 2235 917 2294 erit
932 2232 1063 2300 relicum,

93 2316 148 2374 nisi
162 2322 194 2374 ut
207 2314 271 2385 illis,
288 2316 381 2392 quiea
392 2313 497 2383 iecere,
512 2313 699 2376 oboedientes
710 2317 855 2376 vivamus?
871 2317 944 2378 Nam
956 2319 1064 2393 inpune
1074 2336 1100 2376 as

93 2398 268 2477 quaelubet
289 2399 385 2460 lacere
406 2399 435 2459 id
457 2405 500 2458 est
513 2415 613 2475 regem
636 2417 708 2460 esse.

50 2489 84 2539 27
178 2483 279 2562 Neque
295 2499 349 2560 ego
364 2500 422 2551 vos,
439 2481 573 2551 Quirites,
584 2481 695 2550 hortor,
711 2492 744 2542 ut
756 2482 861 2543 malitis
872 2485 940 2544 civis
952 2489 1064 2542 vostros

93 2583 248 2643 perperam
259 2583 345 2641 quam
360 2571 439 2624 recte
453 2565 563 2631 fecisse,
579 2573 624 2623 set
633 2583 671 2623 ne
682 2565 859 2638 ignoscundo
873 2564 955 2623 malis
970 2564 1064 2623 bonos

48 2657 84 2708 28
93 2647 239 2725 perditum
253 2647 332 2705 eatis.
356 2644 399 2703 hd
413 2644 470 2702 hoc
482 2646 512 2726 in
523 2643 682 2720 republica
698 2643 789 2703 multo
804 2650 933 2720 praestat
946 2643 1063 2704 heniflci

89 2741 177 2802 quam
191 2725 310 2788 malifici
324 2729 519 2788 inmemorem
525 2744 604 2788 esse:
613 2724 708 2784 bonus
721 2734 833 2786 tantum
843 2728 931 2787 modo
946 2727 1063 2804 segnior
1072 2747 1099 2790 so

50 2812 125 2871 aem
143 2810 194 2870 ubi
216 2809 369 2886 neglegas,
392 2815 421 2868 at
441 2808 534 2868 malus
556 2806 716 2885 inprobior.
754 2809 798 2869 hd
818 2809 875 2869 hoc
897 2812 921 2869 si
942 2812 1064 2871 iniuriae

92 2909 150 2951 non
169 2893 239 2956 sint,
255 2891 325 2950 haut
346 2907 433 2966 saepe
450 2891 535 2950 auxili
553 2890 657 2966 egeas.⁹

14 2996 19 3003 ·
40 2966 81 3028 32
175 2970 253 3031 llaec
269 2970 417 3048 atquealia
428 2970 551 3032 huiusce
563 2973 643 3032 modi
654 2972 770 3051 saepius
780 2971 1064 3036 dicundohlemmius

90 3054 198 3135 populo
212 3054 377 3132 persuadet,
398 3057 440 3116 uti
459 3053 491 3115 L.
510 3054 632 3127 Cassius,
653 3056 703 3134 qui
723 3061 785 3115 tum
799 3064 919 3133 praetor
936 3066 1006 3128 erat,
1027 3059 1063 3119 ad

92 3137 260 3218 Iugurtham
278 3139 457 3209 mitteretur,
480 3157 605 3220 eumque
618 3139 788 3220 interposita
802 3139 859 3201 lide
875 3140 991 3219 publica
1004 3140 1062 3201 llo·
1073 3161 1097 3203 aa

93 3242 171 3284 marn
192 3223 328 3290 duceret,
360 3239 419 3300 quo
446 3222 556 3285 facilius
586 3223 692 3285 indicio
717 3224 796 3300 regis
816 3221 919 3284 Scauri
943 3230 972 3283 et
995 3221 1062 3283 reli·

93 3325 230 3374 cuorum,
259 3321 331 3383 quos
351 3307 491 3383 pecuniae
514 3313 614 3385 captae
635 3305 839 3373 accersebant,
858 3303 960 3365 delicta
983 3312 1063 3382 pate·
1121 3315 1129 3376 ξ

93 3389 205 3450 tierent.
1117 3388 1128 3405 “’
