2392 3848
201 180 243 220 nn
268 178 437 221 cummuni:
462 177 701 221 courvsumonn
720 182 749 224 o.
771 169 814 222 33.
835 168 879 222 ³4.
902 170 945 222 35.
1018 161 1054 216 t'r'

91 344 184 404 neque
200 327 337 407 cuiqnam
354 332 490 387 nostrum
508 322 588 383 licuit
606 341 688 384 more
704 325 848 385 maiorum
869 323 933 399 lege
951 325 992 384 uti
1006 341 1057 384 ne·

91 427 148 485 que
159 409 263 467 amisso
274 409 447 485 patrimonio
458 405 583 466 liberum
594 423 700 485 corpus
713 406 838 468 habere:
850 412 929 466 tanta
943 407 1057 466 saeuitia

89 491 287 550 feneratorum
309 495 394 567 atque
411 490 553 567 praetoris
571 489 633 549 fuit.
667 490 761 567 Saepe
782 491 906 550 maiores
919 495 1047 549 vostrmn
1068 493 1084 544 3

89 573 209 632 miseriti
227 571 319 648 plebis
339 571 486 632 Romanae
525 572 647 633 decretis
669 575 728 633 suis
747 573 862 650 inopiae
881 573 943 632 eius
964 572 1057 648 opitu·

88 656 138 714 tati
157 661 236 723 sunt,
260 673 294 715 ac
309 656 473 714 novissume
490 656 630 715 memoria
656 662 755 716 nostra
775 661 896 733 propter
917 656 1058 732 magnitu-

90 738 185 797 dinem
205 739 280 797 aeris
295 736 379 797 alieni
392 737 552 796 volentibus
567 737 701 797 omnibus
719 736 803 797 bonis
819 742 970 813 argentum
991 754 1059 797 aere

90 819 215 878 solutum
238 826 289 878 est.
308 819 400 895 Saepe
417 819 479 894 ipsa
499 816 614 895 plebes,
636 826 686 878 aut
706 819 871 878 dominandi
883 819 977 878 studio
992 825 1086 895 per-4

90 906 169 959 mota
184 906 233 959 aut
246 899 382 978 superbia
395 900 623 975 magistratuum,
640 908 750 961 armata
761 918 778 960 a
788 899 919 976 patribus
931 903 1057 961 secessit.

89 984 125 1042 At
138 999 192 1041 nos
201 999 260 1041 non
273 983 418 1058 inperium
433 998 527 1059 neque
543 982 653 1042 divitias
665 985 805 1058 petimus,
822 1000 946 1060 quarum
958 1001 1058 1044 rerum
1069 992 1084 1040 5

56 1081 80 1123 ro
90 1082 176 1124 causa
205 1063 280 1125 bella
297 1071 382 1147 atque
398 1065 554 1124 certamina
570 1066 667 1124 omnia
683 1066 759 1124 inter
775 1064 905 1124 mortalis
921 1072 1001 1135 sunt,
1017 1072 1062 1126 set

88 1147 261 1216 libertatem,
280 1164 366 1225 quam
382 1145 577 1207 nemobonus
593 1149 647 1206 nisi
661 1165 728 1208 oum
743 1148 838 1208 anima
849 1148 936 1211 simul
947 1151 1062 1211 amittit.

89 1231 132 1291 'l'e
154 1236 240 1308 atque
262 1236 394 1289 senatum
416 1228 608 1299 obtestamur,
631 1231 786 1291 consulatis
807 1231 919 1290 miseris
940 1229 1088 1299 civibus,6

90 1314 161 1388 legis
176 1313 367 1390 praesidinm,
384 1311 463 1388 quod
481 1312 614 1389 iniquitas
629 1314 772 1391 praetoris
787 1313 907 1390 eripuit,
928 1314 1060 1373 restitua-

91 1398 140 1463 tis,
156 1413 228 1456 neve
243 1393 327 1454 nobis
338 1411 402 1453 earn
412 1395 652 1454 necessitudinem
663 1397 820 1472 inponatis,
835 1401 868 1454 ut
879 1412 1060 1472 quaeramus,

58 1497 81 1535 rs
92 1495 218 1554 quonam
234 1477 320 1537 modo
335 1494 470 1537 maxume
486 1475 538 1536 ulti
556 1478 726 1552 sanguinem
741 1483 874 1536 nostrum
888 1477 1060 1552 pereamns'.

90 1560 133 1620 nd
150 1558 223 1620 haec
237 1560 270 1631 O.
285 1559 409 1621 Marcius
422 1559 594 1635 respondet:
610 1559 716 1636 siquid
732 1558 768 1618 ab
782 1565 883 1618 senatu
901 1564 1001 1635 petere
1015 1577 1062 1618 ve·
1072 1557 1111 1617 34

91 1642 158 1711 lint,
182 1642 218 1702 ab
235 1643 322 1702 armis
342 1642 502 1710 discedant,
523 1640 646 1701 Romam
660 1640 806 1719 subplices
826 1640 1061 1719 proficiscantur:

93 1743 125 1784 ea
138 1725 358 1784 mansuetudine
374 1732 459 1800 atque
474 1724 671 1784 misericordia
683 1732 816 1785 senatum
830 1721 930 1801 populi
940 1722 1063 1783 Romani

93 1823 208 1882 semper
234 1806 337 1871 fuisse,
368 1814 401 1864 nt
421 1823 507 1866 nemo
529 1825 665 1884 umquam
685 1806 775 1867 abeo
797 1807 904 1866 frustra
925 1805 1063 1866 auxilium

63 1889 232 1965 repetiverit.

175 1971 211 2029 At
224 1968 343 2031 Catilina
359 1988 394 2029 ex
409 1971 512 2030 itinere
526 1969 671 2047 plerisque
687 1970 895 2037 consularibus
909 1975 1088 2045 praetereat

93 2062 210 2132 optumo
230 2054 335 2130 cuique
354 2053 451 2112 literas
473 2053 567 2124 mittit,
593 2070 623 2112 se
644 2051 723 2112 falsis
745 2051 914 2112 criminibus
936 2051 1061 2111 circum·

93 2146 224 2204 ventum,
248 2137 385 2213 qnoniam
403 2135 519 2195 factioni
540 2136 723 2196 inimicorum
738 2137 874 2195 resistere
891 2135 1061 2212 nequiverit,

92 2219 225 2279 fortunae
248 2219 366 2286 cedere,
389 2217 540 2278 Massiliam
562 2219 590 2277 in
611 2217 727 2278 exilium
746 2218 903 2294 proficisci,
924 2234 984 2277 non
1006 2234 1063 2294 quo

59 2302 147 2363 essibi
167 2303 239 2361 tanti
260 2300 378 2360 sceleris
399 2301 531 2360 conscius
552 2308 636 2368 esset,
652 2307 696 2360 set
712 2303 754 2360 uti
771 2298 950 2376 respublica
968 2301 1063 2375 quieta

92 2386 169 2444 foret
182 2402 254 2442 neve
268 2401 303 2442 ex
319 2400 371 2442 sua
383 2384 565 2442 contentione
581 2383 681 2442 seditio
693 2385 829 2441 oriretur.
858 2381 902 2440 db
916 2382 961 2440 his
978 2377 1089 2456 longe3

93 2468 223 2525 divorsas
244 2464 355 2524 litteras
375 2465 408 2534 Q.
430 2463 545 2522 Catulus
567 2465 597 2522 in
618 2471 719 2524 senatu
739 2464 883 2531 recitavit,
910 2480 982 2539 quas
1010 2462 1064 2521 sibi

93 2549 209 2608 nomine
227 2545 362 2607 Catilinae
379 2545 506 2607 redditas
525 2545 646 2606 dicebat.
680 2546 788 2606 Earum
805 2544 969 2623 exemplum
988 2545 1064 2605 infra

93 2632 233 2707 scriptum
255 2636 313 2689 est:
337 2629 379 2688 ‘L.
396 2628 514 2689 Catilina
529 2629 563 2700 Q.
583 2627 691 2688 Catulo.
727 2629 851 2705 Egregia
873 2633 922 2688 tua
943 2629 1014 2688 fides
1030 2627 1169 2687 εε35ΙΙΙ

61 2737 85 2777 so
95 2715 221 2789 cognita,
239 2719 320 2788 grata
333 2711 403 2771 mihi
418 2713 531 2789 maguis
544 2714 576 2771 in
588 2713 660 2771 meis
677 2711 826 2788 periculis,
846 2710 981 2770 fiduciam
995 2728 1063 2769 con-

94 2795 269 2855 mendationi
295 2812 377 2854 meae
398 2792 506 2853 tribuit.
555 2793 647 2864 Onam
675 2793 712 2853 ob
733 2811 797 2853 rem
819 2792 1016 2853 defensionem
1035 2793 1090 2852 in2
1169 2823 1174 2829 -

94 2896 169 2938 novo
185 2876 303 2938 consilio
315 2894 374 2936 non
388 2877 473 2936 statui
484 2893 603 2953 parare,
621 2876 842 2937 satisfactionem
857 2894 892 2935 cx
907 2875 985 2936 nulla
997 2893 1064 2936 con·

94 2963 211 3021 scientia
228 2961 263 3020 de
279 2959 363 3036 culpa
378 2976 545 3036 proponere
560 2958 682 3029 decrevi,
699 2977 800 3038 quarm
817 2977 865 3017 me
881 2958 945 3019 dius
955 2959 1063 3025 Fidius,

94 3061 194 3104 veram
213 3042 282 3102 licet
303 3058 468 3119 cognoscas.
498 3041 613 3102 lniuriis
635 3040 872 3118 contumeliisque
894 3043 1062 3108 concitatus,

61 3126 174 3205 sequod
195 3125 292 3185 fructu
304 3122 412 3183 laboris
430 3124 644 3201 industriaeque
661 3141 744 3184 meae
760 3124 889 3200 privatus
902 3130 1008 3183 statum
1023 3122 1091 3182 ‹lt-s

96 3211 210 3284 gnitatrs
230 3223 288 3266 non
310 3204 485 3283 optinebam,
507 3205 653 3283 publicam
671 3207 845 3267 miserorum
859 3222 990 3266 caussam
1010 3222 1065 3282 pro

95 3310 160 3352 mea
181 3289 389 3351 consuetudine
409 3291 537 3366 suscepi,
560 3306 619 3348 non
633 3290 700 3367 quia
714 3307 763 3351 aes
774 3288 904 3359 alienum
925 3287 997 3347 meis
1012 3305 1064 3346 no·

97 3375 220 3435 minibus
235 3391 270 3434 ex
284 3371 513 3450 possessionibus
528 3370 641 3433 solvere
654 3389 713 3433 nun
726 3388 746 3451 p
944 3368 1065 3457 ,scilicet

161 3474 293 3525 simum.
