2392 3848
124 132 164 192 94
332 150 494 192 uaesano
519 152 718 194 rvovarnruo
743 152 770 195 e.
791 145 834 198 91.
859 145 901 200 92.

124 297 180 356 leri
194 298 376 359 munimento
391 299 492 376 positis
508 299 612 359 milites
627 298 725 360 cibum
740 318 845 378 capere
860 307 946 379 atque
965 303 1007 363 uti
1021 303 1107 365 simul

126 398 193 441 cum
211 399 316 442 occasu
331 380 400 442 solis
418 382 630 461 egrederentur
645 390 764 461 paratos
780 401 843 444 esse
858 383 953 445 iubet:
971 387 1107 449 omnibns

98 464 245 529 3sareinis
260 464 379 526 abiectis
394 483 468 544 aqua
486 465 573 526 modo
590 483 680 544 seque
695 476 724 528 et
735 468 863 528 iumenta
876 485 1008 530 onerare.
1032 470 1105 532 Dein

124 555 278 626 postquam
293 555 408 626 tempus
423 551 529 619 visum,
545 551 647 609 castris
663 551 811 626 egreditur
827 558 1001 631 noctemque
1016 560 1107 615 totam

124 632 228 692 itinere
241 631 317 691 laeto
330 634 475 693 consedit:
493 632 570 693 idem
581 650 723 710 proxuma
737 633 820 694 iacit:
836 635 902 695 dein
917 637 1001 698 tertia
1015 637 1127 703 multos

125 721 190 775 ante
205 713 277 774 lucis
294 715 448 776 adventum
464 717 597 795 pervenit
610 718 640 776 in
654 717 752 779 locum
765 716 951 788 tumulosum,
966 717 1002 780 ab
1015 719 1106 800 Capsa

125 815 184 858 oon
206 797 330 876 amplius
353 798 442 859 duum
465 798 575 860 milium
591 800 757 870 intervallo,
778 800 876 881 ibique
898 821 985 881 quam
1009 803 1107 865 occul·

96 883 245 943 stissume
264 888 362 961 potest
381 882 448 942 curn
471 882 605 944 omnibus
621 884 712 962 copiis
728 886 868 962 operitur.
907 885 958 946 Set
977 885 1029 947 ubi
1046 886 1107 948 dies

124 966 218 1044 coepit
247 972 276 1025 et
299 964 441 1027 Numidae
467 965 538 1026 nihil
570 966 674 1028 hostile
700 973 863 1028 metuentes
888 968 970 1028 multi
998 970 1105 1046 oppido

124 1049 248 1124 egressi,
264 1056 385 1126 repente
403 1067 520 1110 omnem
535 1051 692 1128 equitatum
713 1058 821 1112 etcum
844 1053 884 1110 eis
900 1049 1105 1112 velocissumos
1116 1073 1141 1113 ra

122 1131 236 1208 pedites
257 1150 345 1192 cursu
367 1133 489 1194 tendere
510 1133 548 1195 ad
561 1133 682 1211 Capsam
701 1140 729 1193 et
746 1139 844 1211 portas
859 1133 993 1195 obsidere
1008 1134 1104 1195 iubet:

124 1215 228 1276 deiude
248 1217 310 1292 ipse
332 1217 460 1277 intentus
480 1235 609 1294 propere
628 1219 710 1296 sequi
730 1235 826 1295 neque
844 1215 948 1278 milites
969 1217 1105 1294 praedari

125 1299 230 1358 sinere.
269 1299 350 1370 Quae
365 1306 521 1379 postquam
542 1301 679 1380 oppidani
696 1317 874 1378 cognouere,
895 1317 944 1360 res
964 1301 1104 1380 trepidae,

124 1388 218 1442 metus
236 1383 354 1458 iugens,
373 1382 486 1450 malum,
496 1385 685 1462 inprovisum,
698 1384 735 1445 ad
748 1383 805 1446 boc
820 1401 888 1461 pars
904 1383 1008 1444 civium
1024 1390 1104 1445 extra

124 1466 236 1525 moenia
250 1467 279 1526 in
293 1465 419 1528 hostium
431 1473 573 1546 potestate
586 1483 709 1545 coegere
725 1469 766 1527 uti
777 1463 952 1528 deditionem
965 1466 1104 1528 facerent.
1116 1483 1140 1522 u

96 1547 262 1609 dCeterum
287 1549 425 1628 oppidum
448 1552 615 1619 incensum,
638 1548 780 1610 Numidae
801 1549 929 1626 puberes
950 1550 1104 1619 interiecti,

98 1631 171 1690 :alii
187 1650 289 1692 omnes
305 1650 428 1693 vaenum
441 1633 513 1693 dati:
528 1632 635 1714 pra-eda
653 1631 792 1692 militibus
810 1632 909 1693 divisa.
945 1633 980 1694 ld
994 1634 1106 1694 lacinus

124 1723 226 1774 contra
241 1716 286 1775 ius
301 1714 370 1776 belli
387 1734 446 1776 non
461 1714 577 1795 avaritia
598 1733 693 1795 neque
715 1714 826 1777 scelere
849 1715 976 1778 consulis
998 1717 1105 1778 admis-

121 1812 195 1864 sum,
220 1805 264 1857 set
280 1798 346 1873 quia
363 1795 444 1869 locus
460 1796 618 1874 iugurthae
631 1803 823 1875 opportunus,
839 1799 926 1861 uobis
939 1801 1018 1861 aditu
1034 1801 1108 1865 ditt-

122 1877 194 1949 eilis,
212 1896 304 1956 genus
320 1879 472 1940 hominum
490 1879 597 1940 mobile
613 1879 750 1965 infidum,
772 1878 870 1964 [ante]
886 1900 982 1961 neque
998 1884 1107 1947 benefi·
1119 1913 1144 1954 oo

122 1963 168 2021 cio
190 1980 288 2040 neque
311 1970 391 2024 metu
414 1966 584 2025 coercitum.

70 2047 109 2106 92
206 2045 365 2126 Postquam
380 2054 490 2107 tantam
505 2063 567 2105 rem
582 2044 690 2103 Marius
704 2043 766 2103 sine
781 2040 840 2101 ullo
855 2058 976 2119 suorum
992 2041 1102 2099 incom-

122 2129 208 2189 modo
237 2131 325 2201 fecit,
352 2146 475 2205 magnus
498 2135 527 2188 et
548 2127 644 2187 clarus
667 2131 759 2193 antea,
781 2126 874 2184 maior
896 2132 981 2202 atque
997 2121 1104 2182 clarior

96 2211 223 2272 elraberi
241 2214 344 2290 eoepit.
375 2210 477 2272 Omnia
496 2227 555 2270 non
571 2209 646 2271 bene
663 2206 792 2269 consulta
808 2206 837 2267 in
855 2208 989 2268 virtutem
1006 2204 1102 2266 trabe·

121 2296 244 2356 bantur:
266 2295 384 2364 milites,
400 2294 532 2356 modesto
544 2294 669 2372 imperio
679 2290 769 2353 babiti
785 2289 870 2352 simul
891 2298 920 2351 et
932 2289 1101 2369 locupletes,
1111 2309 1136 2349 ar

122 2380 157 2440 ad
180 2379 292 2440 caelum
313 2379 408 2448 ferre,
431 2377 572 2440 Numidae
594 2378 686 2453 magis
709 2378 796 2455 quam
814 2373 968 2435 mortalem
989 2375 1102 2442 timere,

122 2470 271 2541 postremo
287 2481 397 2534 omnes,
415 2462 485 2523 socii
500 2469 585 2542 atque
601 2461 710 2530 hostes,
727 2458 848 2521 eredere
863 2458 903 2518 illi
915 2464 964 2542 aut
976 2463 1105 2518 mentem

123 2546 248 2605 (livinum
270 2564 334 2608 esse
355 2553 405 2608 aut
426 2545 548 2606 deorum
570 2552 643 2606 nutu
666 2541 931 2621 cunctaportendi.

97 2643 112 2690 3
205 2627 258 2690 ¹Set
274 2628 390 2698 consul,
408 2628 458 2689 ubi
473 2647 507 2689 ea
519 2646 568 2689 res
578 2626 655 2688 bene
671 2627 780 2697 evenit,
798 2622 902 2686 adalia
919 2623 1023 2703 oppida
1035 2641 1103 2701 per-

123 2714 171 2790 git,
185 2730 278 2791 pauca
292 2711 523 2791 repugnantibus
536 2710 671 2773 Numidis
684 2710 768 2789 capit,
781 2706 875 2789 plura,
885 2709 1004 2770 deserta
1013 2723 1102 2785 prop·
1111 2728 1138 2769 oo

123 2806 167 2856 ter
183 2796 371 2874 Capsensium
387 2797 528 2865 miserias,
546 2796 605 2873 igni
620 2794 798 2872 conrumpit:
815 2792 895 2853 luctu
911 2797 998 2869 atque
1014 2790 1104 2852 caede

96 2880 221 2938 domnia
243 2879 425 2954 conplentur.
459 2877 589 2954 Denique
606 2874 703 2934 multis
720 2874 791 2934 locis
806 2876 924 2951 potitus,
948 2890 982 2933 ac
1000 2872 1104 2952 pleris-

125 2980 180 3040 que
195 2961 326 3021 exercitu
341 2962 504 3028 incruento,
528 2957 613 3020 aliam
634 2973 699 3017 rem
719 2956 896 3032 adgreditur,
920 2973 979 3016 non
1002 2955 1105 3018 eadem

124 3046 279 3126 asperitate
301 3060 357 3124 qua
378 3042 581 3122 Capsensium,
601 3048 731 3102 ceterum
750 3039 822 3100 haut
842 3057 928 3103 secus
948 3039 1103 3103 difficilem.

96 3134 112 3181 5
208 3129 340 3209 Namque
353 3128 425 3189 haut
438 3126 526 3204 longe
542 3145 558 3187 a
574 3126 693 3188 llumine
714 3122 884 3199 Muluccha,
905 3124 983 3204 quod
1000 3124 1103 3199 lugur-
1114 3143 1139 3185 as

125 3214 191 3274 thae
206 3213 371 3292 bocchique
383 3229 508 3288 regnum
520 3209 713 3287 disiungebat,
731 3216 795 3270 erat
809 3210 885 3269 inter
901 3215 1026 3268 ceteram
1042 3202 1104 3283 pla·

121 3298 223 3357 -nitiem
239 3313 323 3357 rnons
342 3312 455 3362 saxeus,
480 3294 619 3354 mediocri
640 3292 758 3354 castello
779 3293 848 3352 satis
869 3297 986 3368 patens,
1008 3289 1038 3348 in
1060 3289 1104 3348 in·

125 3397 258 3441 mensum
280 3380 388 3449 editus,
412 3395 470 3438 uno
486 3383 663 3458 perangusto
685 3376 764 3436 aditu
779 3374 894 3436 relicto:
918 3390 986 3433 narn
1009 3373 1103 3434 omnis
