2392 3848
33 238 37 245 ·
108 207 167 269 108
375 225 557 268 onerrouns
575 226 616 267 nr
638 224 816 267 erraruneu

227 673 545 757 ORATIONES
566 671 637 754 ET
656 668 965 754 EPISTULAE

574 845 615 883 Ex

286 970 549 1049 fflsuoltsss
576 973 900 1049 EXOERPTAE.

522 1159 683 1169 ...ω-α-

106 1309 150 1368 Μ.
172 1308 279 1368 Aemt'li
301 1304 409 1382 Lepidi
433 1312 561 1369 consults
588 1310 631 1368 od
647 1312 788 1384 populum
809 1308 974 1367 Romanum
992 1308 1086 1365 oratio

469 1399 575 1456 contra
596 1391 720 1452 Sullam.

75 1551 97 1603 1'
191 1524 357 1610 Clementia
381 1556 409 1609 et
436 1549 566 1625 probitas
594 1555 705 1617 vostra,
733 1549 874 1618 Quirites,
903 1546 1009 1624 quibus
1030 1564 1084 1622 per

108 1639 220 1694 ceteras
247 1632 342 1709 gentis
370 1634 499 1693 maxumi
518 1639 547 1693 et
573 1631 644 1692 clari
665 1633 749 1699 estis,
777 1629 946 1708 plurumum
972 1630 1084 1688 timoris

106 1715 178 1775 mibi
207 1715 317 1775 iaciunt
344 1715 501 1775 advorsum
528 1715 719 1794 tyrannidem·
732 1714 764 1774 L.
790 1712 902 1782 Sullae,
931 1730 983 1782 ne,
1010 1731 1085 1791 quae

108 1800 164 1876 ipsi
184 1797 310 1857 nefanda
334 1799 527 1868 existumetis,
550 1815 584 1858 ca
601 1816 707 1877 parum
722 1796 869 1858 credundo
890 1797 926 1856 de
945 1795 1006 1856 aliis
1028 1798 1084 1856 cir-

107 1881 345 1949 cumveniamini,
372 1915 406 1925 -
430 1883 605 1958 praesertim
626 1900 693 1942 cum
714 1881 754 1942 iili
773 1897 841 1958 spes
861 1881 955 1939 omnis
975 1880 1004 1938 in
1021 1897 1111 1942 sce-a

105 1964 168 2025 iere
187 1970 275 2044 atque
293 1965 415 2042 pertidia
436 1966 473 2024 sit
493 1982 590 2045 neque
612 1982 644 2024 se
665 1963 748 2025 aliter
762 1970 860 2023 tutum
875 1968 973 2040 putet,
997 1981 1084 2042 quam

107 2050 131 2107 si
145 2049 229 2124 peior
251 2054 338 2126 atque
359 2047 550 2109 intestabilior
572 2054 652 2109 metu
671 2053 771 2108 rostro
793 2046 896 2115 fuerit,
919 2064 977 2125 quo
993 2048 1085 2124 captis

106 2131 248 2190 libertatis
264 2148 366 2190 curam
383 2132 500 2192 miseria
517 2133 624 2192 eximat
648 2164 682 2174 -
705 2137 767 2197 aut,
790 2129 815 2188 si
835 2129 1035 2211 provideritis,
1055 2129 1085 2189 in

72 2229 89 2276 a
106 2212 229 2272 vitandis
245 2213 383 2290 periculis
404 2215 496 2289 magis
517 2232 604 2292 quam
623 2212 792 2274 ulciscendo
805 2213 966 2272 teneamini.
993 2211 1084 2274 Satel-

107 2296 171 2356 lites
193 2296 310 2375 (pridem
325 2297 402 2365 eius,
424 2295 558 2356 homines
572 2298 701 2358 maxumi
721 2296 860 2365 nominis,
883 2299 1009 2374 optumis
1023 2314 1119 2361 nra-ro

2 2442 4 2447 ,
107 2380 204 2439 iorum
222 2379 379 2460 exemplis,
402 2396 516 2460 nequeo
535 2382 604 2441 satis
625 2381 741 2449 mirari,
762 2380 813 2458 qui
834 2378 1037 2439 dominationis
1056 2382 1085 2440 in

107 2479 158 2521 vos
179 2465 327 2523 servitium
348 2480 435 2524 suum
451 2464 619 2525 mercedem
641 2464 710 2524 dant
732 2469 760 2524 et
778 2469 938 2541 utrumque
958 2480 1013 2542 per
1042 2464 1085 2522 in-

72 2553 89 2604 a
107 2546 211 2605 iuriam
236 2544 349 2605 malunt
368 2563 456 2624 mam
478 2553 598 2624 optumo
619 2548 683 2608 iure
703 2545 789 2607 liberi
809 2561 913 2622 agere:
933 2545 1100 2623 praeclara*

107 2628 268 2687 Brutorum
288 2635 375 2705 atque
398 2629 587 2690 Aemiliorum
610 2637 639 2691 et
662 2629 845 2691 Lutat'orum
867 2627 975 2705 proles,
996 2631 1086 2706 geniti

72 2721 90 2770 4
107 2711 144 2770 ad
160 2726 209 2779 ea,
233 2729 308 2790 quae
325 2713 452 2773 maiores
469 2714 578 2774 'virtute
596 2730 756 2792 peperere,
778 2711 987 2774 subvortmrda.
1010 2712 1120 2773 Namu

107 2794 177 2871 quid
199 2795 346 2872 aPprrho
367 2795 538 2864 Hannibale,
560 2797 752 2875 Philippoque
773 2803 802 2856 et
820 2795 962 2856 Antiocho
984 2795 1085 2856 deien-

107 2893 172 2936 sum
191 2885 235 2936 est
257 2877 334 2937 aliud
356 2896 444 2955 quam
464 2879 583 2938 libertas
604 2888 633 2939 et
647 2897 717 2940 suae
735 2880 840 2957 cuique
855 2879 948 2946 sedes,
966 2895 1026 2940 neu
1038 2880 1086 2938 oui

73 2971 90 3020 5
107 2959 162 3019 nisi
174 2957 288 3036 legibus
305 2961 499 3036 pareremus?
518 2979 593 3040 quae
609 2967 714 3022 cuncta
728 2976 848 3021 scaevus
869 2961 924 3021 iste
942 2959 1085 3021 Romulus

107 3043 190 3120 quasi
215 3041 252 3102 ab
280 3044 408 3104 externis
427 3051 510 3122 rapta
533 3052 629 3113 tenet,
650 3061 710 3104 non
732 3049 778 3104 tot
798 3045 981 3105 exercituum
1003 3044 1086 3105 clade

105 3142 202 3204 neqrm
225 3125 378 3187 consulum
399 3135 429 3188 et
447 3127 571 3190 aliorum
589 3129 765 3207 principum,
787 3145 861 3206 quos
882 3127 999 3188 sertum
1016 3127 1121 3189 bellico

107 3215 336 3287 consumpserat,
358 3211 486 3280 satiabis,
509 3218 554 3273 set
573 3218 635 3271 tum
654 3209 816 3280 crudelior,
840 3228 907 3271 cum
927 3209 1085 3288 plerosque

71 3292 253 3352 osecundae
275 3308 324 3353 res
343 3294 373 3352 in
396 3295 613 3355 miserationem
633 3312 669 3355 ex
689 3295 732 3353 ira
753 3300 881 3354 vortunt
905 3293 982 3361 Quin
1003 3292 1085 3353 solus

106 3376 237 3435 omnium
252 3382 319 3453 post
340 3379 513 3437 memoriam
534 3377 655 3437 bumani
675 3377 792 3453 generis
812 3375 954 3455 subplicia
971 3376 1002 3435 in
1018 3382 1086 3454 post

20 3500 27 3513 .
88 3453 218 3512 daturos
238 3460 403 3531 conposuit,
429 3459 494 3538 quis
506 3461 590 3539 prius
604 3461 708 3520 iniuria
727 3477 815 3538 quam
830 3459 887 3518 vita
901 3465 982 3520 certa
994 3465 1084 3521 essett
