2392 3848
155 185 194 247 80
324 203 366 242 ne
385 201 487 243 senno
511 201 711 243 svavnrmnc
737 200 765 241 e.
786 192 829 245 68.
853 193 896 247 69.
920 192 962 246 io.

69 402 72 409 .
126 354 202 418 asic
222 353 324 413 animis
345 369 448 411 eorum
470 349 608 418 adrectis,
631 350 742 427 equites
763 349 908 426 inprime
929 348 1003 417 late,
1025 349 1137 428 pedites

104 445 144 505 69
156 455 242 516 quam
264 437 417 495 artissume
445 436 488 494 ire
518 439 547 492 et
566 433 648 509 signa
672 431 819 493 occultare
841 431 931 494 iubet.
986 437 1136 512 Vagenses

154 521 206 582 ubi
232 521 362 579 animum
384 517 536 578 advortere
566 517 603 576 ad
624 533 656 576 sc
676 534 796 577 vorsum
818 517 978 578 exercitum
998 533 1131 594 pergere,

155 607 267 682 primo,
295 604 338 663 nti
360 607 423 663 erat
442 618 506 670 res,
533 597 681 660 lletellum
702 617 766 660 esse
793 601 849 660 rati
869 606 970 677 portas
993 599 1133 671 clausere,

155 687 261 748 deinde
281 685 333 748 ubi
353 704 449 764 neque
473 700 560 762 agros
580 684 687 743 vastari
709 690 738 743 et
759 701 810 743 cos
832 685 882 762 qni
907 685 995 760 primi
1013 684 1155 745 aderants

154 770 295 832 Numidas
318 772 430 848 equites
444 769 558 838 vident,
579 784 699 828 rursum
720 765 892 844 Iugurtham
914 767 1045 827 arbitrati
1067 787 1134 828 cum

130 872 261 933 2magno
276 855 382 932 gaudio
399 853 475 914 obvii
490 852 663 927 procedunt
697 850 817 928 Equites
830 851 1000 930 peditesque
1014 857 1135 929 repente

155 941 238 1015 signo
262 938 329 999 dato
348 935 653 1011 aliivolgumeliusum
668 934 775 1013 oppido
791 934 929 1004 caedere,
948 933 996 995 alii
1012 935 1046 994 ad
1064 953 1134 1013 por-

154 1031 199 1082 tas
219 1022 372 1089 festinare,
395 1036 464 1098 pars
481 1020 571 1079 turris
597 1036 719 1099 capere:
743 1019 787 1078 ira
808 1026 896 1096 atque
915 1018 1041 1096 praedae
1067 1036 1135 1100 spes

129 1104 279 1183 campitas
296 1122 384 1182 quam
398 1102 537 1163 lassitudo
552 1118 649 1180 posse.
680 1102 723 1162 lta
744 1103 890 1179 Vagenses
905 1101 1026 1162 biduom
1045 1103 1168 1162 modom

156 1208 192 1249 ex
206 1188 328 1267 perfidia
344 1187 456 1247 laetati:
476 1187 575 1246 civitas
592 1201 697 1263 magna
716 1190 745 1245 et
760 1183 881 1262 opulens
900 1191 1006 1246 correcta
1022 1203 1135 1264 poenae

128 1279 205 1337 aaut
219 1271 347 1350 praedae
361 1270 423 1331 luit.
452 1269 609 1347 Turpilius,
625 1287 712 1347 quern
727 1267 908 1346 praelectum
926 1269 1025 1348 oppidi
1041 1287 1135 1331 unum

155 1375 191 1416 ex
214 1354 350 1415 omnibus
364 1354 530 1433 profugisse
549 1369 639 1429 supra
654 1353 842 1422 ostendimus,
865 1355 961 1414 iussus
983 1371 1000 1412 a
1019 1352 1134 1416 ltletellc

155 1456 273 1499 causam
306 1438 421 1506 dicere,
440 1443 597 1516 postquam
612 1452 677 1496 sese
697 1453 802 1513 parum
825 1447 977 1514 expurgat,
995 1439 1134 1501 condem·

155 1529 240 1583 natus
268 1521 498 1600 verberatusque
521 1522 614 1598 capite
633 1536 743 1597 poenas
764 1517 861 1580 solvit:
887 1520 999 1600 †nam
1021 1522 1045 1581 is
1065 1523 1168 1583 civis¹⁵

156 1625 192 1667 ex
208 1607 289 1667 Latio
306 1613 378 1668 erat.

105 1697 144 1757 70
241 1691 299 1750 Per
322 1689 400 1749 idem
425 1695 541 1766 tempus
561 1687 722 1756 Bomilcar,
751 1688 832 1748 cuius
853 1688 970 1766 inpulsu
991 1689 1132 1767 iugurtha

157 1774 342 1841 deditionem,
361 1789 450 1850 quam
464 1777 544 1832 metu
559 1770 701 1839 deseruit,
721 1771 885 1849 inceperat,
901 1780 1054 1852 suspectus
1070 1775 1134 1850 regi

157 1865 186 1918 et
207 1858 269 1935 ipse
296 1874 363 1917 eum
384 1856 544 1932 suspiciens
587 1871 677 1915 novas
698 1871 747 1914 res
768 1873 893 1933 cupere,
923 1856 959 1916 ad
979 1858 1134 1933 pernitiem

129 1943 219 2008 seius
235 1939 334 2001 dolum
350 1956 501 2019 quaerere,
520 1939 566 1999 dic
584 1946 731 2017 noctuque
750 1937 872 2015 fatigare
891 1940 1034 2000 animum:
1051 1940 1168 2002 deni-ac

156 2044 213 2103 que
243 2025 340 2084 omnia
364 2022 532 2100 temptando
560 2024 672 2083 socium
705 2020 760 2082 sibi
791 2023 921 2099 adiungit
948 2022 1131 2092 Nabdalsam,

155 2108 304 2167 honinem
317 2105 455 2175 nobilem,
472 2108 584 2180 magnis
599 2105 717 2182 opibus,
736 2123 837 2164 carum
854 2115 1065 2186 acceptumque
1079 2125 1132 2186 po-

155 2187 307 2268 pularibus
327 2189 402 2256 suis,
426 2189 476 2266 qui
490 2187 663 2266 plerumque
680 2204 813 2248 seorsum
832 2189 868 2249 ab
886 2208 957 2268 rege
973 2193 1132 2252 exercitum

155 2274 276 2333 ductare
299 2277 328 2332 et
348 2271 443 2331 omnis
464 2288 513 2332 res
540 2271 644 2350 exequi
663 2271 764 2332 solitus
786 2281 857 2345 erat,
881 2293 955 2353 quae
975 2275 1134 2352 Iugurthae

155 2356 233 2417 sesso
251 2362 301 2416 aut
315 2354 475 2416 maioribus
490 2355 627 2416 adstricto
641 2365 865 2434 superaverant:
885 2377 993 2438 exque
1014 2357 1054 2419 illi
1070 2359 1167 2435 glo-as

130 2442 199 2504 aria
213 2457 342 2518 opesque
362 2440 505 2500 inventae.
540 2439 631 2516 lgitur
646 2440 799 2518 utriusque
813 2440 933 2502 consilio
947 2442 1008 2503 dies
1023 2442 1133 2503 insidiis

155 2525 305 2583 statuitur:
330 2529 437 2593 cetera,
459 2525 502 2583 nti
519 2541 568 2584 res
582 2531 726 2601 posceret,
750 2543 785 2585 ex
809 2531 942 2603 tempore
955 2527 1053 2604 parari
1071 2525 1132 2603 pla-

127 2606 223 2673 cauit
245 2604 391 2666 Nabdalsa
408 2605 445 2665 ad
462 2607 622 2666 exercitum
635 2606 793 2683 proiectus,
813 2625 900 2686 quem
920 2610 995 2668 inter
1008 2608 1133 2670 hiberna

154 2688 356 2751 Romanorum
371 2689 467 2749 iussus
484 2688 619 2760 habebat,
635 2707 673 2749 ue
687 2705 758 2766 ager
772 2690 871 2752 inultis
885 2692 1018 2752 hostibus
1038 2701 1132 2753 vasta·

128 2779 247 2838 oretur.
278 2773 306 2832 Is
316 2778 471 2852 postquam
482 2773 680 2851 magnitudine
690 2772 827 2836 facinoris
841 2775 993 2853 perculsus
1007 2776 1045 2837 ad
1059 2783 1165 2838 tem-ao

153 2873 210 2934 pus
230 2872 291 2914 non
312 2857 389 2916 venit
409 2862 563 2933 metusque
580 2875 644 2916 rem
665 2856 840 2934 inpediebat,
861 2859 1023 2928 Bomilcar,
1045 2859 1132 2919 simul

154 2936 278 3016 cupidus
300 2938 414 3016 incepta
434 2937 570 3014 patrandi
590 2943 619 2998 et
638 2938 743 2999 timore
761 2942 823 3000 soci
840 2942 951 3011 anxius,
966 2959 1004 3001 ne
1023 2942 1131 3002 omisso

152 3030 251 3083 vetere
273 3019 393 3082 consilio
413 3038 519 3082 novom
540 3028 711 3101 quaereret,
732 3020 843 3084 litteras
865 3025 902 3085 ad
924 3044 992 3087 eum
1008 3043 1062 3106 per
1078 3025 1131 3086 ho·

153 3108 247 3168 mines
264 3104 358 3167 tidelis
380 3106 480 3176 mittit,
505 3106 534 3166 in
561 3106 624 3184 quis
652 3105 802 3168 mollitiam
828 3111 1050 3189 socordiamque
1077 3111 1130 3168 viri

154 3207 308 3259 accusare,
325 3190 425 3249 testari
440 3188 511 3249 deos
525 3207 579 3268 per
595 3207 668 3269 quos
683 3192 843 3264 iuravisset,
859 3212 979 3255 monere
993 3210 1032 3253 ne
1044 3209 1130 3270 prae·
1140 3214 1165 3256 es

153 3274 210 3333 mia
230 3272 337 3335 Metelli
350 3274 380 3334 in
400 3278 513 3350 pestem
533 3280 733 3336 converteret:
755 3274 912 3353 Iugurthae
940 3276 1058 3337 exitium
1080 3275 1131 3335 ad·

154 3373 235 3417 esse:
264 3365 394 3418 ceterum
420 3373 512 3417 suane
530 3373 567 3416 an
588 3355 695 3418 lletelli
717 3358 826 3421 virtute
847 3361 971 3437 periret,
991 3359 1019 3419 id
1042 3359 1130 3420 modo

149 3439 269 3509 agitari:
297 3441 426 3520 proinde
447 3445 598 3519 reputaret
623 3459 689 3502 cum
714 3443 811 3502 animo
841 3459 908 3514 suo,
935 3444 1065 3523 praemia
1093 3460 1129 3504 an
