2392 3848
141 204 181 263 30
329 224 371 264 on
393 223 564 266 carminare
586 223 824 268 conrvaamonu
845 225 873 266 c.
888 217 932 268 52.

142 370 178 430 de
200 369 300 430 mleris
316 378 530 441 memorantur,
554 372 669 431 divorso
685 373 788 432 itinere
806 371 898 432 malos
917 390 932 431 a
954 371 1040 432 bonis
1054 373 1118 436 loca

98 474 132 523 14
141 461 234 514 taetra
245 453 362 523 inculta,
377 453 462 514 ioeda
479 462 565 533 atque
580 453 769 515 formidulosa
783 454 903 515 babere.
932 455 1034 534 ltaque
1050 475 1117 518 oen·

141 540 197 597 suit
217 538 356 614 pecunias
383 554 486 597 eorum
507 536 706 614 publicandas,
729 540 807 615 ipsos
833 554 887 614 ρετ
905 539 1061 616 municipia
1088 543 1118 601 in

141 621 278 680 custodiis
292 618 452 688 habendos,
470 620 601 680 videlicet
616 622 731 689 timens
746 639 793 689 ne,
814 623 838 679 si
852 620 963 681 Rornae
977 622 1048 691 sint,
1068 631 1119 683 aut

141 723 157 762 a
174 702 364 781 popularibus
381 704 588 763 coniurationis
604 714 653 763 aut
670 721 686 763 a
704 701 886 763 multitudine
907 704 1051 765 conducta
1064 723 1140 784 pers

100 787 197 859 15vim
209 787 378 863 eripiantur.
407 786 495 856 Quasi
510 803 578 847 vero
592 786 661 846 mali
676 794 763 865 atque
779 785 893 847 scelesti
904 793 1017 852 tantum
1030 790 1117 849 modo

141 874 170 930 in
185 868 260 930 urbe
276 875 305 928 et
317 887 377 929 non
391 886 446 946 per
455 876 546 928 totam
561 868 672 929 ltaliam
687 870 753 938 sint,
766 877 887 929 autnon
901 869 1119 952 ibipluspossit

101 953 277 1027 mandaria,
301 951 352 1010 ubi
372 952 408 1011 ad
432 951 651 1011 defendundum
667 970 737 1029 opes
752 953 880 1013 minores
902 960 978 1012 sunt.
1001 954 1117 1024 Quare

142 1053 248 1097 vanum
265 1034 399 1111 equidem
413 1032 470 1093 boc
484 1034 636 1094 eonsilium
648 1042 699 1102 est,
716 1035 741 1094 si
755 1035 918 1112 periculum
934 1054 970 1095 ex
984 1036 1040 1096 illis
1055 1056 1117 1098 me·

143 1122 211 1181 tuit:
233 1119 279 1176 sin
293 1118 324 1176 in
337 1123 418 1176 tanto
434 1119 563 1177 omnium
579 1124 659 1176 metu
681 1117 759 1177 solus
781 1135 841 1177 non
856 1120 953 1187 timet,
975 1137 1010 1179 eo
1026 1122 1152 1197 magistr

101 1221 131 1269 17
142 1203 233 1264 refert
251 1219 299 1261 me
311 1200 382 1260 mihi
399 1207 485 1278 atque
499 1200 581 1260 vobis
595 1202 708 1262 timere.
738 1201 801 1272 Qua
817 1219 850 1262 re
868 1220 934 1262 cum
949 1202 986 1262 de
996 1203 1028 1262 P.
1043 1203 1118 1263 Len-

141 1287 202 1346 tulo
218 1285 380 1361 ceterisque
400 1286 546 1352 statuetis,
568 1301 622 1361 pro
646 1291 726 1344 certo
743 1284 894 1354 habetote,
917 1303 968 1344 vos
982 1286 1067 1346 simul
1082 1287 1118 1347 de

101 1388 132 1438 18
143 1369 271 1430 exercitu
277 1367 414 1427 Catilinae
422 1374 451 1427 et
462 1367 498 1428 de
507 1367 642 1428 omnibus
653 1369 810 1428 coniuratis
821 1368 990 1429 decernere.
1004 1370 1118 1441 Quanto

141 1471 192 1511 ros
214 1451 358 1511 adtentius
371 1468 405 1511 ea
420 1452 528 1527 agetis,
548 1457 628 1510 tanto
643 1451 699 1510 illis
713 1453 826 1510 animus
839 1452 981 1512 infirmior
1003 1455 1072 1512 erit:
1094 1454 1118 1512 si

142 1534 291 1613 paululum
312 1534 400 1593 modo
421 1552 472 1593 vos
491 1534 631 1611 languere
650 1535 782 1603 viderint,
804 1537 862 1594 iam
883 1550 983 1594 omnes
1005 1535 1152 1600 serocesrs

143 1618 276 1678 aderunt.

102 1715 135 1765 τε
228 1699 322 1760 Nolite
337 1701 511 1759 existumare
526 1701 651 1760 maiores
665 1708 781 1760 nostros
792 1702 881 1760 armis
894 1718 958 1761 rem
971 1698 1118 1778 publicam

99 1801 133 1851 20
143 1800 179 1845 ex
190 1800 279 1861 parva
289 1781 547 1857 magnamleoisse.
564 1781 594 1841 Si
606 1784 645 1842 ita
655 1801 704 1843 res
711 1791 796 1851 esset,
803 1782 1118 1863 multopulcerrumam

123 1883 205 1938 eam
219 1881 274 1925 nos
288 1862 479 1923 haberemus:
500 1865 607 1942 quippe
625 1866 771 1925 sociorum
788 1873 875 1944 atque
891 1869 1009 1935 civium,
1033 1885 1117 1946 prae·

141 1959 222 2011 terea
249 1964 399 2008 armorum
419 1952 506 2025 atque
536 1965 678 2025 equorum
705 1950 798 2008 maior
818 1951 900 2026 copia
922 1949 1007 2009 nobis
1030 1967 1153 2026 quamn

100 2032 197 2094 21illis
220 2038 271 2092 est.
317 2029 367 2090 Set
388 2027 442 2090 alia
462 2030 559 2097 luere,
583 2049 657 2109 quae
677 2030 741 2090 illos
762 2047 885 2105 magnos
906 2030 1019 2099 iecere,
1043 2049 1117 2106 quae

143 2113 228 2174 nobis
249 2113 327 2173 nulla
348 2120 429 2172 sunt:
454 2113 531 2172 dorni
553 2113 693 2172 industria
730 2113 800 2172 ioris
823 2114 931 2173 iustum
961 2115 1118 2192 imperium

144 2200 257 2258 animus
274 2197 304 2254 in
327 2195 504 2255 consulundo
525 2195 613 2264 liber,
640 2213 735 2273 neque
752 2194 857 2255 delicto
878 2213 975 2275 neque
995 2195 1118 2257 lubidini

100 2291 133 2338 22
145 2280 296 2344 obnoxius.
320 2277 378 2337 Pro
394 2278 440 2338 bis
461 2296 515 2338 nos
534 2278 678 2339 babemus
692 2278 837 2339 luxuriam
856 2285 944 2359 atque
959 2281 1116 2346 avaritiam,

142 2363 259 2442 publice
282 2369 439 2440 egestatem
460 2363 593 2439 privatim
613 2361 805 2440 opulentiam:
828 2363 981 2424 laudamus
996 2363 1115 2429 divitias,
1125 2386 1151 2426 ae

143 2450 293 2526 sequimur
310 2447 457 2507 inertiam:
476 2447 552 2506 inter
567 2444 661 2505 bonos
675 2454 704 2507 et
717 2447 808 2507 malos
823 2448 979 2507 discrimen
995 2444 1117 2511 nullum,

101 2539 134 2590 23
143 2531 239 2588 omnia
253 2531 367 2587 virtutis
380 2531 509 2604 praemia
521 2528 639 2588 ambitio
653 2530 790 2605 possidet.
814 2530 916 2606 Neque
928 2531 1050 2588 mirum:
1068 2527 1120 2588 ubi

143 2629 194 2670 vos
211 2611 367 2688 separatim
387 2608 442 2667 sibi
461 2609 583 2684 quisque
601 2610 752 2669 consilium
768 2612 882 2685 eapitis,
905 2609 956 2668 ubi
975 2609 1054 2669 domi
1067 2626 1118 2667 vo-

142 2693 309 2771 luptatibus,
325 2691 373 2751 bic
384 2691 525 2770 pecuniae
539 2695 589 2749 aut
600 2691 708 2766 gratiae
723 2692 844 2759 servitis,
856 2709 891 2751 eo
907 2692 947 2760 lit,
959 2700 992 2752 ut
1003 2693 1119 2769 inpetus

142 2778 192 2837 flat
212 2778 242 2836 in
264 2793 385 2837 vacuam
398 2791 462 2834 rem
483 2771 638 2850 publicam.
1127 2799 1153 2840 30

99 2873 135 2920 24
227 2859 277 2919 Set
292 2875 347 2933 ego
361 2859 434 2917 haec
445 2857 554 2915 omitto.
581 2855 774 2917 Coniuravere
786 2857 965 2918 nobilissumi
977 2860 1052 2918 cives
1066 2876 1118 2936 pa·

144 2942 230 3000 triam
252 2940 424 3009 incendere,
452 2937 601 3001 Gallorum
626 2946 742 3014 gentem
763 2941 987 3001 infestissumam
1008 2943 1119 3000 nomini

143 3024 275 3084 Romano
298 3022 335 3082 ed
355 3021 464 3083 bellum
486 3031 654 3091 accersunt,
678 3022 737 3083 dux
755 3024 881 3084 bostium
901 3043 968 3085 cum
987 3026 1118 3085 exercitu

100 3114 231 3185 utsupra
246 3112 334 3183 caput
345 3112 401 3166 est:
417 3123 469 3167 ros
483 3108 658 3167 cunctamini
671 3109 756 3168 etiarn
766 3126 855 3179 nunc,
870 3109 939 3188 qnid
951 3109 1026 3168 intra
1037 3124 1117 3166 moe·

102 3193 193 3251 eonio
211 3189 403 3268 deprebensis
420 3188 553 3250 hostibus
574 3189 700 3250 iaciatisl
740 3193 933 3254 Misereamini
954 3207 1059 3251 censeo
1080 3223 1114 3233 —
1127 3209 1151 3249 or

144 3273 293 3351 deliquere
315 3271 449 3333 homines
466 3270 673 3332 adulescentuli
693 3291 747 3350 ρετ
764 3275 950 3334 ambitionem
973 3307 1007 3317 —
1031 3279 1118 3349 atque

102 3369 135 3418 27
147 3359 232 3416 etiam
248 3364 374 3416 armatos
389 3355 545 3416 dimittatis.
567 3355 611 3418 Ne
621 3356 764 3417 istuvobis
779 3357 971 3417 mansuetudo
990 3363 1019 3415 et
1032 3357 1117 3414 mise·

14 3438 25 3485 '⁵-
93 3440 278 3508 mrioordia,
299 3441 323 3499 si
337 3439 377 3500 illi
392 3458 472 3501 arma
492 3438 629 3515 oeperunt,
646 3445 676 3501 in
692 3445 837 3504 miseriam
854 3445 1015 3498 convertat.
1056 3439 1118 3499 Sci·
