2392 3848
217 202 261 243 nn
284 200 457 243 carantana
480 198 721 243 conrvnanronu
742 198 770 242 c.
792 193 836 246 55.
857 193 901 247 56.
920 193 963 248 st.
1041 184 1081 247 33

101 349 277 427 subplicium
287 346 569 426 postulabat-parare
581 347 677 410 iubet:
692 348 754 426 ipse
769 349 921 426 praesidiis
938 352 1107 429 dispositist

101 431 257 493 Lentulum
275 434 305 492 in
325 448 475 493 carcerem
494 431 627 493 deducit:
645 432 724 493 idem
744 433 777 492 tlt
798 435 904 494 ceteris
922 453 976 514 per
997 452 1081 514 prae·

101 522 191 576 tores.
220 516 272 576 Est
285 516 316 575 in
331 513 557 586 carcerelocus,
576 515 654 595 quod
669 514 834 578 Tullianum
849 517 1020 597 adpellitur,
1032 517 1109 582 ubit

102 597 252 676 pardulum
277 601 447 662 ascenderis
472 601 510 662 ad
536 598 663 668 laevam,
686 600 803 662 circiter
818 601 972 663 duodecim
992 602 1083 680 pedes

80 681 184 745 shumi
201 683 368 763 depressus.
399 683 474 744 Eum
493 685 629 744 muniunt
647 683 777 762 undique
794 685 921 762 parietes
934 692 1022 765 atque
1040 686 1110 745 in·4

102 782 191 843 super
214 784 331 829 camera
351 765 472 843 lapideis
493 765 654 827 fornicibus
673 768 787 836 iuncta,
811 774 856 827 set
875 768 986 829 incultu
1003 777 1083 830 tene·

102 848 165 909 bris
186 850 277 910 odore
298 849 384 910 foeda
406 855 493 927 atque
513 848 652 910 terribilis
674 849 737 910 eius
757 850 847 911 facies
872 857 924 912 est.
961 852 994 911 ln
1016 866 1110 916 eume

101 931 200 993 locum
222 939 377 1014 postquam
405 933 549 995 damasus
575 939 619 994 est
638 932 793 1003 Lentulus,
819 932 962 1015 [vindices
983 953 1084 996 rerum

103 1016 285 1099 capitalium]
307 1015 413 1096 quihus
432 1021 623 1095 praecepttnn
645 1023 709 1078 erat
722 1016 828 1096 laqueo
842 1017 940 1096 ffldam
956 1019 1082 1097 fregere.

69 1098 145 1164 solta
160 1099 208 1162 ille
226 1103 366 1179 patricius
385 1118 422 1162 ex
436 1106 523 1180 gente
536 1099 706 1162 clarissuma
722 1099 934 1172 Corneliorum,
948 1104 998 1182 qui
1015 1107 1111 1163 con-6

103 1183 201 1245 sulare
219 1186 376 1264 imperium
387 1184 498 1246 Romae
513 1183 672 1253 habuerat,
694 1184 814 1263 dignum
834 1185 967 1246 moribus
988 1186 1084 1246 factis·

104 1284 161 1344 que
177 1269 237 1329 suis
253 1270 373 1330 exitium
388 1270 463 1330 vitae
482 1269 599 1328 invenit.
628 1268 671 1328 De
688 1266 816 1347 Cethego
834 1268 945 1329 Statilio
961 1268 1084 1330 Gabinio

104 1349 244 1428 Caepario
262 1351 366 1413 eodem
385 1351 474 1413 modo
495 1349 670 1427 subplicium
687 1358 836 1428 sumptum
851 1358 903 1412 est.

187 1435 263 1496 lium
274 1452 309 1497 ea
319 1435 429 1497 Romae
440 1440 597 1514 geruntur,
614 1431 733 1494 Catilina
747 1451 781 1493 ex
797 1436 876 1494 omni
891 1436 984 1512 copia,
997 1452 1083 1513 quam
1096 1436 1136 1498 56

70 1539 94 1580 rs
104 1524 134 1579 et
155 1519 218 1596 ipse
234 1520 395 1581 adduxerat
415 1525 444 1580 et
460 1517 584 1579 Manlius
600 1516 756 1586 habuerat,
773 1517 846 1578 duas
861 1517 992 1596 legiones
1003 1519 1085 1578 insti·

103 1603 167 1671 tuit,
190 1603 319 1663 cohortis
338 1621 394 1680 pro
407 1620 532 1664 numero
548 1601 672 1663 militum
688 1600 814 1680 conplet.
831 1601 944 1663 Deinde
959 1608 992 1662 ut
1007 1603 1111 1680 quis-2

104 1703 162 1763 que
176 1685 356 1748 voluntarius
378 1693 429 1747 aut
449 1704 485 1747 ex
507 1687 595 1747 sociis
614 1687 646 1746 in
667 1693 762 1746 castra
784 1693 905 1748 venerat
925 1686 1085 1767 aequaliter

104 1768 302 1839 dishibuerat,
320 1788 355 1830 ac
369 1769 452 1831 brevi
466 1771 559 1848 spatio
573 1768 704 1848 legiones
722 1788 846 1831 numero
865 1770 1017 1833 homiuum
1036 1790 1085 1833 ex·

103 1851 243 1930 ploverat,
266 1870 333 1913 cum
350 1854 431 1913 initio
444 1870 504 1913 non
522 1851 646 1929 amplius
662 1852 775 1914 duobus
796 1853 913 1914 milibus
926 1855 1085 1916 habuisset.

68 1953 95 1995 sc
105 1935 156 1996 Set
168 1953 204 1996 ex
216 1937 296 1998 omni
307 1937 389 2014 copia
404 1937 520 1997 circiter
532 1952 602 2013 pars
616 1943 720 2014 quarta
737 1943 801 1996 erat
811 1934 985 1997 militaribus
997 1940 1112 1998 armies

102 2022 260 2091 instructa,
290 2022 380 2082 ceteri
400 2028 433 2082 ut
453 2037 600 2100 quemque
622 2036 708 2080 casus
728 2025 892 2081 armaverat
911 2037 1015 2098 sparos
1035 2027 1085 2081 aut

101 2103 229 2175 lanceas,
249 2104 297 2167 alii
311 2112 484 2183 praeacutas
500 2104 581 2166 sudis
600 2102 764 2184 portabant.
798 2104 849 2165 Set
862 2111 1016 2184 postquam
1027 2106 1112 2165 ain-t

102 2188 200 2248 tonius
223 2207 291 2250 cum
312 2191 444 2250 exercitu
463 2187 651 2258 adventabat,
681 2188 800 2249 Catilina
825 2206 879 2266 per
904 2191 1010 2249 montis
1031 2191 1086 2251 iter

103 2270 217 2343 facere,
238 2272 327 2333 modo
370 2273 406 2333 ad
427 2271 534 2333 urbem
555 2272 644 2333 modo
664 2273 694 2332 iu
718 2271 840 2334 Calliam
862 2290 966 2333 vorsus
991 2280 1086 2333 castra

68 2370 233 2423 semovere,
250 2354 385 2415 hostibus
402 2356 585 2416 occasionem
601 2354 750 2431 pugnandi
765 2371 825 2413 non
843 2354 929 2414 dare:
949 2355 1087 2430 sperabat

102 2437 289 2516 propediem
306 2454 427 2515 magnas
448 2437 546 2514 copias
560 2452 624 2496 sese
638 2434 824 2504 habiturum,
847 2437 871 2496 si
888 2435 1000 2498 Romae
1015 2439 1087 2498 socii

102 2523 218 2598 incepta
231 2520 431 2598 patravissent
447 2519 561 2580 Interea
575 2520 690 2580 servitte
705 2517 891 2596 repudiabat,
909 2520 992 2581 cuius
1007 2523 1113 2582 initias

103 2604 140 2664 ad
163 2622 230 2665 eum
252 2621 375 2684 magnae
392 2606 494 2684 copiae
507 2601 731 2671 concurrebant,
754 2603 860 2682 opibus
878 2605 1086 2666 coniurationis

103 2688 212 2757 fretus,
241 2688 328 2749 simul
354 2688 481 2751 alienum
502 2689 563 2749 suis
583 2685 745 2748 rationibus
772 2688 965 2755 existumans,
994 2689 1086 2749 videri

69 2787 225 2833 accensam
260 2773 365 2832 civium
387 2791 454 2834 cum
476 2773 567 2837 servis
589 2771 713 2849 fugitivis
734 2771 990 2831 conmunicarisse.
1035 2772 1086 2833 Set
1097 2772 1137 2831 57

104 2861 258 2934 postquam
277 2855 307 2916 in
328 2863 422 2917 casua
441 2857 561 2917 nuntius
577 2855 710 2933 pervenit
730 2852 841 2914 llomac
857 2855 1087 2918 coniurationem

104 2939 292 3015 patefactam,
312 2940 348 3000 de
372 2939 495 3001 Lentulo
521 2945 549 3001 et
570 2938 698 3018 Cethego
720 2939 882 3016 ceterisque
904 2957 978 3017 quos
997 2958 1086 3017 supra

104 3023 264 3081 memoravi
287 3022 462 3099 subplicium
484 3030 642 3100 sumptum,
664 3020 806 3099 plerique,
830 3039 903 3098 quos
918 3023 955 3083 ad
976 3023 1086 3084 bellum

105 3121 173 3182 spes
188 3106 359 3182 rapinarum
380 3114 430 3165 aut
444 3123 586 3167 novarum
607 3121 709 3166 rerum
723 3103 851 3164 studium
867 3104 1025 3173 inlexerat,
1043 3105 1085 3164 di·

69 3208 96 3250 as
104 3186 252 3259 labuntur,
268 3187 394 3249 relicuos
410 3189 529 3250 Catilina
545 3204 600 3266 per
620 3187 727 3247 montis
741 3203 861 3264 asperos
875 3190 988 3266 magnis
1002 3189 1085 3248 itine-

104 3271 188 3333 ribus
208 3274 238 3332 in
264 3289 367 3350 agrum
389 3273 597 3334 Pistoriensem
614 3270 732 3332 abducit
754 3288 788 3331 eo
812 3271 946 3340 consilio,
970 3273 1012 3331 uti
1031 3288 1085 3348 per

104 3357 235 3416 tramites
249 3355 362 3418 occulte
378 3357 549 3435 perfugeret
564 3358 594 3416 in
617 3355 737 3418 Galliam
755 3352 1016 3435 [TransalpinarnJ.
1049 3355 1110 3415 dte

106 3438 140 3509 0.
151 3437 282 3500 Metabus
292 3438 375 3502 Celer
391 3459 457 3501 curn
473 3441 567 3502 tribus
577 3437 740 3517 legionibus
751 3441 780 3497 iu
795 3453 866 3515 agro
877 3437 984 3498 Piceno
999 3456 1088 3512 prae-

156 3535 290 3588 saccom.
924 3535 953 3590 ‘b
1105 3590 1112 3594 ,
