2392 3848
307 148 352 190 ua
372 147 475 189 nunno
499 148 699 191 rvuvuuuruo
722 147 748 190 c.
770 138 814 193 75.
830 139 872 196 76·
1039 130 1079 190 83

105 303 257 374 praeterea
273 295 419 372 conquirit
436 312 471 353 ex
487 296 564 371 agris
580 311 666 373 quam
683 296 854 374 plurumum
868 302 963 373 potest
980 295 1104 361 domitia

106 378 236 457 pecoris:
253 395 288 437 eo
303 377 415 454 inponit
428 394 495 438 vasa
507 379 646 455 cuiusque
660 379 747 448 modi,
763 384 807 440 sdt
819 377 960 456 pleraque
974 378 1077 455 lignea,

106 460 236 521 conlecta
257 479 293 520 ex
310 460 432 538 tuguriis
450 460 655 521 Numidarum:
680 463 716 523 ad
732 461 789 522 hoc
803 461 1105 538 finitumisimpcrat5

106 545 155 623 qui
170 561 201 604 se
216 550 281 624 post
296 543 374 618 regis
388 541 487 618 lugam
503 541 617 604 Metello
632 543 786 617 dederant,
803 563 890 624 quam
912 542 1080 622 plurumum

83 629 227 705 aquisque
248 645 340 705 aquae
357 631 504 705 portaret,
527 627 603 688 diem
617 624 787 707 locumque,
807 628 858 688 uhi
890 634 1008 705 praesto
1038 625 1081 685 io·

102 720 180 786 rent,
199 708 356 787 praedicit:
380 710 442 785 ipse
465 728 501 769 ex
523 709 651 780 llumine,
678 729 764 790 quam
776 729 949 790 proxumam
972 711 1105 789 oppidoo

105 811 211 872 aquam
233 809 296 852 esse
318 809 407 868 supra
429 791 562 862 diximus,
582 793 710 855 iumenta
731 801 849 854 onerat:
872 811 906 852 eo
930 794 1017 854 modo
1035 795 1079 854 in·

106 880 233 936 structus
255 874 292 935 ad
315 871 438 934 Thalam
459 874 662 952 proficiscitur.
712 876 821 939 lleinde
842 877 892 937 uhi
914 876 950 937 ad
972 876 1007 938 id*
1022 877 1104 940 looi7

104 965 231 1028 ventum,
254 976 312 1036 quo
326 956 459 1018 Numidis
473 966 671 1036 praeceperat,
692 968 720 1020 et
741 967 834 1021 castra
850 961 942 1039 posita
956 961 1080 1021 munita·

72 1061 161 1121 nque
177 1048 261 1110 suut,
279 1047 358 1101 tanta
379 1047 500 1119 repente
523 1041 603 1102 caelo
620 1044 706 1105 missa
724 1045 769 1105 tis
792 1062 883 1123 aquae
906 1043 1024 1112 dicitur,
1047 1050 1080 1104 ut

104 1144 138 1188 ea
153 1124 240 1185 modo
258 1123 398 1186 exercitui
414 1124 483 1183 satis
497 1141 644 1203 superque
659 1126 742 1188 foret.
773 1127 929 1189 Praeterea
945 1143 1106 1191 mamea-8

104 1218 150 1270 tus
170 1226 223 1286 spe
245 1206 377 1285 amplior,
400 1207 467 1285 quia
488 1206 638 1278 Numidae,
660 1211 745 1270 sicuti
760 1209 890 1289 plerique
901 1211 931 1270 in
944 1228 1018 1271 nova
1029 1210 1078 1270 de·

104 1292 221 1360 ditione,
237 1290 331 1350 olllcia
342 1288 534 1350 intenderant.
559 1290 695 1353 Ceterum
708 1293 813 1354 milites
828 1294 968 1370 religione
983 1292 1106 1371 pluviao

105 1375 197 1451 magis
219 1373 279 1442 usi,
303 1390 396 1451 eaque
417 1389 466 1432 res
485 1372 609 1434 multum
623 1376 726 1436 animis
748 1394 850 1437 eorum
867 1376 989 1436 addidit:
1012 1393 1079 1436 uam

72 1476 94 1515 u
105 1458 161 1517 rati
181 1473 245 1517 sese
265 1456 327 1517 deis
341 1454 543 1516 inmortalibus
565 1474 653 1518 curae
669 1475 742 1519 esse.
776 1458 886 1520 Deinde
901 1465 1018 1536 postero
1034 1458 1079 1518 die

105 1546 207 1600 contra
229 1540 395 1617 opinionem
415 1539 572 1618 Iugurthae
587 1541 623 1601 ad
638 1539 758 1602 Thalam
772 1542 953 1619 perveniunt.
992 1539 1078 1619 Oppi·
1093 1549 1122 1599 ιο

104 1624 179 1692 dani,
197 1625 246 1700 qui
261 1640 293 1682 se
305 1620 437 1682 locorum
452 1624 606 1700 asperitate
621 1627 747 1684 munitos
762 1624 960 1693 crediderant,
974 1640 1078 1701 magna

104 1714 190 1784 atque
216 1705 331 1765 insolita
358 1723 391 1765 re
410 1705 554 1783 perculsi,
578 1704 667 1767 nihilo
691 1710 808 1786 segnius
827 1706 937 1768 hellum
957 1724 1077 1786 parare:

104 1790 181 1850 idem
200 1789 293 1848 nostri
320 1787 425 1849 lacere.
469 1789 519 1849 Set
540 1808 608 1860 rex,
632 1791 704 1851 nihil
728 1793 785 1852 iarn
808 1790 947 1852 iniectum
964 1789 1079 1852 Metello
1090 1793 1129 1850 76

69 1895 94 1934 ao
105 1871 243 1940 credens,
266 1871 372 1952 quippe
395 1873 444 1951 qui
458 1873 564 1942 omnia,
580 1891 661 1933 arma
677 1874 748 1943 tela,
767 1873 847 1934 locos
864 1882 1012 1952 tempora,
1029 1874 1078 1934 de·

104 1956 191 2034 nique
206 1961 339 2015 naturam
354 1957 448 2032 ipsam
463 1955 786 2034 ceterisimperitantem
803 1956 944 2017 industria
961 1960 1078 2024 vicerat,

104 2057 171 2099 cum
187 2037 287 2098 liberis
305 2043 334 2100 et
348 2055 453 2117 magna
466 2045 550 2115 parte
564 2041 705 2118 pecuniae
720 2058 755 2100 ex
771 2039 877 2118 oppido
899 2047 989 2099 noctu
1001 2056 1079 2116 ,pro-

103 2122 184 2199 fugit
208 2137 304 2200 neque
324 2129 425 2200 postea
445 2122 476 2181 in
496 2121 555 2182 ullo
573 2122 640 2182 loco
662 2121 785 2202 amplius
806 2140 867 2184 uno
889 2123 936 2183 die
958 2129 1008 2181 aut
1022 2140 1080 2182 una

103 2211 188 2265 nocte
203 2210 346 2273 moratus,
363 2203 517 2265 simulabat
532 2223 597 2267 seso
611 2207 710 2283 negoti
723 2207 815 2285 gratia
834 2223 1009 2286 properare:
1033 2224 1079 2264 cc·

69 2308 93 2347 u
103 2295 198 2348 terum
213 2285 407 2363 proditionem
421 2286 550 2358 timebat,
566 2307 653 2368 quarn
665 2290 754 2349 vitare
769 2307 855 2367 posse
871 2288 1016 2349 celeritate
1025 2305 1079 2365 pu-

102 2370 197 2431 tabat:
218 2386 287 2430 nam
304 2369 372 2430 talia
392 2369 511 2429 consilia
521 2388 575 2450 per
584 2370 678 2430 'otium
691 2379 760 2430 etex
768 2372 986 2448 opportunitate
1005 2372 1077 2448 capi.

101 2450 294 2522 etheredus,
310 2453 360 2513 uhi
380 2451 540 2537 oppidanos
554 2451 665 2530 proelio
680 2454 815 2521 intentos,
835 2451 921 2513 simul
941 2451 1104 2531 oppiduma

103 2544 132 2596 et
152 2535 292 2614 operibus
313 2543 341 2596 et
362 2535 428 2595 loco
450 2526 594 2599 ul'unitum
620 2534 705 2603 videt,
729 2533 802 2595 vallo
817 2535 953 2614 fossaque
966 2538 1079 2596 moenia

105 2620 302 2680 circumvenit.
329 2618 440 2680 Deinde
455 2616 527 2677 locis
546 2636 581 2678 ex
600 2618 682 2696 copia
701 2636 837 2680 maxume
851 2618 963 2679 idoneis
984 2619 1105 2681 vineas3
1127 2648 1192 2671 m

68 2718 204 2779 reagere,
235 2718 373 2778 aggerem
393 2703 490 2762 iacere
508 2699 565 2781 [et]
593 2719 682 2780 super
704 2717 841 2779 aggerem
863 2703 996 2780 inpositis
1018 2710 1078 2761 tur·

101 2785 184 2845 rihus
203 2802 276 2862 opus
290 2792 318 2844 ct
333 2784 518 2844 administros
534 2786 629 2845 tutari.
666 2783 773 2845 Contra
790 2784 863 2846 hacc
879 2785 1016 2864 oppidani
1037 2786 1105 2844 let

102 2869 209 2929 stinare
235 2885 355 2947 parare:
382 2884 505 2944 prorsus
532 2866 568 2928 ab
596 2869 727 2946 utrisque
754 2867 827 2928 nihil
856 2866 979 2929 relictam
1004 2868 1076 2927 lieri.

101 2951 231 3028 Denique
259 2950 399 3020 Romani,
426 2951 517 3012 multo
547 2959 614 3012 ante
634 2951 735 3012 laboro
761 2950 939 3032 proeliisque
960 2950 1105 3027 fatigatio

100 3040 168 3112 post
187 3033 248 3092 dies
262 3032 465 3110 quadraginta,
489 3052 576 3113 quarn
592 3053 626 3095 eo
641 3042 761 3095 rentum
776 3042 852 3104 crat,
869 3035 974 3113 oppido
990 3033 1077 3095 modo

67 3116 199 3195 sepeliti:
220 3114 328 3193 praeda
351 3117 444 3174 omnis
465 3116 500 3175 ab
523 3117 654 3196 perfugis
675 3124 827 3197 conrupta.
869 3116 903 3177 lli
922 3124 1105 3195 postquanro

100 3216 219 3261 murum
241 3190 379 3258 arietrirus
393 3197 474 3258 ieriri
488 3196 594 3277 resque
607 3217 675 3262 suas
696 3199 826 3262 adllictas
845 3199 958 3268 vident,
974 3216 1078 3259 aurum

101 3291 187 3362 atque
202 3288 357 3359 argentum
372 3287 401 3340 et
415 3279 469 3341 alia
481 3299 555 3358 quae
569 3284 662 3360 prima
673 3283 821 3346 ducuntur
838 3283 955 3343 domum
966 3283 1078 3359 regiam

101 3371 289 3444 conportant:
310 3364 348 3426 ibi
370 3366 437 3425 uiuo
458 3370 486 3424 et
502 3364 593 3444 epulis
608 3369 718 3452 onerati
741 3367 846 3445 illaque
866 3371 894 3425 et
912 3364 1029 3425 domum
1051 3376 1078 3426 et

887 3471 927 3525 tt*
