2392 3848
358 223 401 263 ux
421 222 587 265 menorans
609 221 808 264 nxouaeurn.
1015 207 1072 266 115

97 373 234 449 quoniam
259 370 422 433 deiectione
450 371 597 431 sociorum
624 377 653 430 et
675 371 786 432 Sertori
804 388 858 448 per
879 372 985 430 montis
1006 372 1074 449 iuga

96 472 193 532 neque
207 472 296 515 manu
313 464 425 517 certare
440 461 563 534 possunt
576 471 673 532 neque
689 454 769 515 utilia
784 472 897 532 parare.
920 454 1075 516 Exercitus
1109 455 1123 503 ⁷

96 538 126 596 in
148 536 214 614 Asia
236 536 389 618 Ciliciaque
407 538 445 599 ob
465 539 568 598 nimias
587 556 658 616 opes
675 537 846 598 Mithridatis
866 537 992 607 aluntur,
1014 538 1074 599 ida-

98 621 218 681 cedonia
240 621 326 700 plena
347 623 475 683 hostium
498 629 549 690 est,
572 639 628 681 nec
648 624 745 682 minus
761 621 859 681 italiae
873 623 1027 682 marituma
1047 632 1075 682 et

74 707 323 781 aprovinciarum,
339 723 406 765 cum
423 707 539 766 interim
553 704 701 782 vectigalia
718 722 807 782 parra
822 712 849 765 et
863 705 947 767 bellis
963 709 1073 767 incerta

96 789 142 846 vix
165 795 278 864 partem
300 796 470 866 sumptuum
489 790 646 848 sustinent:
669 790 709 848 ita
724 787 825 857 classe,
847 808 921 867 quae
938 808 1074 850 conmea-

96 877 143 930 tus
164 870 311 942 tuebatur‚
334 874 447 932 minore
470 890 557 951 quam
574 878 658 932 antea
677 874 853 950 navigamus.
875 873 954 933 Haec
969 874 993 932 si
1007 871 1073 932 dolo
1108 888 1125 938 8
1144 942 1148 949 Ι

97 960 146 1014 aut
173 955 307 1016 socordia
336 961 435 1016 nostra
458 961 606 1015 contracta
628 963 709 1025 suut,
744 957 819 1032 agite
846 964 878 1016 ut
900 962 999 1017 monet
1019 957 1072 1024 ira,

96 1037 271 1117 subplicium
286 1041 407 1099 sumite:
429 1041 474 1100 sin
489 1039 606 1100 fortuna
624 1040 786 1100 communis
801 1042 932 1116 asperior
948 1047 1000 1109 est,
1016 1056 1073 1117 qua

63 1133 86 1175 u
95 1139 129 1182 re
144 1121 262 1200 indigna
277 1121 359 1184 vohis
372 1122 516 1200 nobisque
534 1131 563 1182 et
576 1141 610 1183 re
626 1121 743 1200 publica
755 1123 896 1199 incipitis?

179 1207 272 1284 Atque
295 1223 365 1283 ego,
393 1207 475 1266 cuius
499 1208 585 1266 aetati
606 1225 687 1266 mors
706 1209 827 1284 propior
854 1213 910 1276 est,
939 1223 998 1264 non
1024 1206 1073 1266 de·
1107 1216 1124 1267 u

94 1306 218 1365 precor,
241 1289 352 1368 siquid
375 1306 409 1348 ea
428 1288 509 1348 vobis
530 1291 707 1351 incommodi
729 1290 869 1350 demitur:
890 1307 987 1367 neque
1005 1307 1074 1348 mox

92 1375 177 1433 senio
205 1373 345 1451 corporis
373 1371 526 1436 honestius
567 1391 654 1450 quam
676 1390 731 1450 pro
753 1379 849 1432 vostra
872 1373 964 1432 salute
985 1372 1072 1431 tinem

95 1456 170 1514 vitae
191 1455 321 1516 fecerim.
364 1455 473 1517 Adsum
495 1474 531 1518 en
554 1458 642 1519 Gaius
660 1457 743 1517 Cotta
764 1455 879 1516 consul:
902 1456 975 1515 facio
996 1454 1073 1533 quod
1094 1467 1125 1518 10

61 1552 85 1592 1⁵
96 1554 183 1616 saepe
204 1541 331 1600 maiores
358 1541 469 1619 asperis
488 1539 571 1601 bellis
598 1541 709 1602 iecere:
748 1558 837 1600 voveo
861 1539 994 1617 dedoque
1026 1555 1074 1597 me
1103 1581 1106 1584 >

95 1638 149 1697 pro
175 1640 209 1683 re
234 1623 361 1702 publica.
413 1625 506 1696 Quam
535 1623 639 1685 deinde
667 1626 714 1685 cui
741 1622 884 1683 mandetis
904 1623 1073 1698 circumspi-

96 1706 165 1764 cite:
196 1723 263 1766 nam
285 1706 372 1768 talem
391 1706 535 1769 honorem
556 1707 651 1768 honus
672 1725 758 1768 nemo
780 1706 871 1776 volet,
894 1725 961 1767 cum
982 1705 1074 1764 iortu·
1093 1711 1121 1761 11

95 1805 150 1847 nae
170 1794 199 1849 et
220 1791 310 1850 maris
331 1797 360 1850 et
374 1789 443 1851 belli
465 1790 500 1851 ab
523 1792 585 1851 aliis
605 1794 660 1852 acti
681 1794 755 1851 ratio
774 1790 926 1852 reddunda
946 1796 996 1851 aut
1011 1797 1073 1849 tur·
1143 1840 1146 1845 .

95 1872 172 1948 piter
189 1872 378 1934 moriundum
403 1874 448 1932 sit.
471 1874 596 1934 Tantum
610 1875 697 1935 modo
710 1877 739 1933 in
752 1876 854 1934 animis
867 1874 1004 1935 habetote
1014 1888 1073 1932 non
1094 1880 1124 1929 12

61 1970 142 2017 tome
159 1955 196 2016 ob
212 1955 307 2017 scelus
329 1961 380 2016 aut
401 1958 550 2017 avaritiam
570 1975 696 2027 caesum,
719 1965 763 2018 set
778 1956 922 2018 volentem
938 1975 993 2035 pro
1012 1974 1073 2015 ma·

95 2040 190 2100 rumis
207 2039 349 2101 benificiis
367 2042 493 2102 animam
513 2040 590 2101 dono
616 2040 738 2102 dedisse.
775 2041 832 2101 Per
854 2058 914 2111 vos,
936 2039 1072 2109 Quirites,
1093 2046 1124 2098 13

96 2130 125 2183 et
151 2122 273 2199 gloriam
300 2125 461 2193 maiorum,
486 2123 608 2185 tolerate
629 2125 765 2194 advorsa,
800 2131 830 2186 et
856 2122 997 2185 consulite
1030 2124 1074 2184 rei

95 2205 238 2282 publicae.
265 2207 355 2268 Multa
377 2226 447 2269 cura
467 2225 581 2269 summo
593 2208 720 2288 imperio
733 2210 818 2279 inest,
841 2207 924 2268 multi
938 2209 1074 2286 ingentes
1094 2215 1125 2264 tt

94 2287 220 2350 labores
263 2288 343 2359 Quos
364 2293 541 2368 nequiquam
562 2292 702 2361 abnuitis,
732 2299 760 2350 et
792 2294 872 2368 pacis
895 2291 1074 2369 opulentiam

60 2389 84 2427 as
97 2373 242 2448 quaeritis
267 2389 333 2431 cum
363 2390 464 2433 omnes
488 2375 652 2452 provinciae
678 2390 775 2450 regna,
808 2375 899 2434 maria
918 2381 1074 2452 terraeque

97 2473 199 2534 aspera
221 2462 270 2515 aut
291 2453 367 2515 fessa
387 2455 470 2516 hellis
489 2460 554 2518 sint.

297 2641 434 2716 Epistula
458 2642 643 2717 GuPompei
664 2642 868 2701 adsecutum.
930 2662 932 2666 ¹

60 2803 86 2844 ³0
180 2791 210 2851 Si
223 2791 363 2853 advorsus
379 2811 431 2853 vos
453 2795 635 2871 patriamque
655 2800 683 2854 et
706 2794 776 2854 deos
796 2796 908 2871 penatis
927 2799 971 2852 tot
991 2790 1073 2851 labo·
1109 2799 1122 2849 1

95 2888 143 2932 res
157 2883 185 2934 et
197 2875 327 2952 pericula
346 2879 553 2954 suscepissem,
574 2878 707 2954 quotiens
724 2895 740 2936 a
760 2879 854 2954 prima
876 2877 1072 2937 adulescentia

96 2956 185 3016 ductu
212 2977 277 3019 meo
299 2960 505 3021 scelestissumi
520 2961 618 3020 hostes
638 2959 694 3020 iusi
706 2969 734 3020 et
749 2959 831 3020 vobis
844 2959 922 3021 salus
943 2963 1072 3038 quaesita

96 3046 148 3108 est,
161 3038 233 3099 nihil
252 3041 374 3117 amplius
387 3044 416 3102 in
438 3044 591 3105 absentem
608 3061 656 3104 me
676 3043 846 3103 statuissetis
868 3061 956 3120 quam
977 3043 1072 3102 adhuc

95 3123 193 3197 agitis,
221 3129 319 3204 patres
341 3127 513 3203 conscripti:
534 3144 621 3205 quem
642 3133 743 3186 contra
764 3131 888 3188 aetatem
908 3127 1072 3202 proiectum

61 3219 84 3260 as
94 3206 130 3264 ad
151 3202 262 3266 bellum
275 3208 484 3269 saevissumum
497 3229 564 3270 cum
576 3212 706 3270 exercitu
720 3217 839 3287 optume
850 3211 965 3278 merito,
980 3228 1071 3288 quan·

94 3296 157 3347 tum
179 3291 274 3349 estin
296 3289 387 3358 vohis,
418 3290 503 3359 lame,
527 3295 699 3352 miserruma
724 3294 854 3352 omnium
876 3299 980 3363 morte,
1002 3311 1072 3359 cou-

94 3369 210 3431 ieoistis.
234 3371 349 3434 Hacine
365 3391 416 3451 spe
435 3376 561 3454 populus
573 3374 722 3434 Romanus
743 3374 852 3435 liberos
867 3392 936 3436 suos
956 3376 993 3437 ad
1010 3376 1071 3437 hel·
1106 3388 1123 3436 2

93 3451 154 3513 lum
174 3455 270 3515 misit?
288 3457 361 3516 haec
382 3464 450 3517 sunt
463 3458 592 3534 praemia
613 3475 669 3534 pro
684 3457 852 3518 volneribus
865 3465 893 3519 et
909 3460 1015 3520 totiens
1034 3459 1071 3517 oh

889 3547 936 3607 Qir-
