2392 3848
82 210 103 250 Χ
478 209 666 252 PRAEFATIO.

82 337 107 377 ο.
118 319 154 393 1.]
173 319 257 392 [iam]
275 350 309 361 -
327 339 391 390 qaae
408 326 504 376 leviora
520 321 582 388 ¹rt'rtt]
602 340 665 389 quae
683 325 777 374 leciora
794 329 851 375 acret
869 325 887 374 Ι.
915 325 986 374 Talia
1003 341 1062 376 eon-

82 391 189 458 tigenda
210 407 267 441 esse
289 391 428 451 contendo,
451 391 572 453 quamdiu
595 390 742 440 Sallustium
763 391 795 440 ab
818 405 879 440 suae
901 393 989 442 aetatis
1007 394 1063 443 dili·

84 461 170 593 pentie
192 468 285 508 temere
314 458 466 507 discessisse
492 472 543 507 non
571 457 675 522 planum
700 457 794 507 factum
816 457 900 507 luerit.
920 484 954 495 ·—
984 461 1025 518 54,
1038 463 1062 511 5.

97 522 137 593 ia]
156 523 224 640 meib
242 528 269 575 in
285 527 340 575 acie
357 524 377 574 Ι.
395 550 429 561 -
448 526 488 585 54,
501 526 526 574 6.
545 526 670 587 interficit,
692 525 760 575 iubet
776 520 844 644 alia]
862 526 973 589 interfici
987 528 1063 587 lubet,

82 595 134 644 alia
151 593 171 642 I.
226 594 248 641 ic
266 591 378 656 optumis
395 592 467 641 libris
485 592 543 657 plus
560 591 620 641 fidei
634 592 720 651 tribui,
738 607 814 654 quam
827 593 832 605 '
845 591 876 643 le.
888 617 922 628 -
939 594 1018 651 55,1.
1037 599 1064 643 al

81 664 108 711 ia
124 662 233 711 advorso
250 674 274 710 c.
286 656 317 723 1.]
335 661 361 708 ia
379 661 495 710 adcorao.
523 658 558 711 Ut
574 659 674 719 reduxi,
693 673 725 708 ne
737 657 885 709 Sallustiani
902 659 1001 708 dicendi
1020 675 1063 725 ge·

81 729 150 777 neris
167 727 349 792 proprietatem
365 735 460 775 temere
476 725 559 775 delere
575 725 639 776 velle
656 727 763 777 viderer.
777 751 811 762 -
828 727 869 786 bb,
881 726 905 775 4.
923 725 1000 776 lincis
1018 741 1064 776 vo·

81 793 171 845 cabulo
188 795 270 844 animo
287 793 392 843 adiectis
410 792 581 857 significatum
598 793 677 853 volui,
695 792 766 853 illud,
789 793 905 856 quamvis
923 809 968 858 per
985 793 1064 845 libros

82 871 203 928 optumos
220 874 271 911 non
290 860 507 920 commendatum,
530 869 615 910 tamen
637 858 698 909 mihi
720 859 827 924 vestigia
849 859 877 909 in
897 859 1064 910 deterioribus

81 928 211 979 codicibus
228 928 353 990 prementi
370 941 422 976 non
438 935 490 975 tam
506 941 538 975 ex
551 927 705 989 glossemate
718 936 809 986 ortum,
828 941 904 988 quam
916 927 1064 977 Latinorum

81 991 258 1044 consuetudini
276 993 411 1041 convenire
421 993 504 1040 visum
517 1007 583 1041 esse.
596 1016 630 1026 -
647 993 688 1051 56,
702 992 726 1043 5.
742 999 834 1056 perant
850 1007 873 1041 c.
885 990 918 1058 1.]
937 1002 1021 1056 apert.
1031 1021 1064 1032 -

80 1062 122 1123 57,
136 1062 161 1111 5.
179 1060 259 1119 medie,
274 1061 339 1123 pria,
355 1065 495 1122 praeterea
507 1060 589 1122 picem
600 1059 698 1119 aelfare
710 1064 735 1108 et
746 1059 824 1108 taeda
834 1059 937 1108 miratam
948 1057 1062 1124 ardenti]

80 1129 156 1178 eadee
171 1129 233 1190 pila,
251 1131 390 1190 praeterea
406 1151 439 1160 —
455 1125 574 1189 aulpbare
591 1151 624 1160 -
641 1127 760 1175 ardentio
776 1124 796 1177 Ι.
831 1123 886 1174 Nisi
909 1127 966 1187 quis
989 1128 1064 1177 etiam

80 1194 133 1259 pila
151 1202 195 1242 aut
216 1203 282 1242 certe
303 1192 380 1242 sudes
402 1191 516 1241 ardentia
537 1192 617 1241 missa
639 1207 695 1242 esse
718 1207 775 1241 cum
797 1190 882 1254 aliqua
904 1193 955 1242 veri
979 1195 1064 1258 specie

82 1259 232 1319 ostenderit,
252 1273 299 1324 ego
317 1258 433 1320 equidem
451 1261 554 1309 ardenti
569 1258 676 1308 retinere
694 1259 806 1321 audebo,
828 1258 991 1309 confirmatus
1009 1275 1061 1310 ma-

80 1342 159 1380 xume
175 1325 232 1375 loco
250 1328 291 1387 60,
305 1327 329 1376 6.
342 1350 376 1362 -
394 1327 435 1383 56,
448 1328 474 1376 4.
494 1329 618 1376 tumultum
629 1321 755 1391 boatilem]
773 1328 905 1377 clamarem
917 1327 1030 1377 hostilem
1041 1328 1061 1376 Ι.

80 1396 133 1444 Aut
149 1398 286 1444 clamorem·
299 1401 343 1442 aut
360 1394 484 1443 tumultum
501 1407 547 1457 pro
560 1393 714 1458 glossemate
731 1393 875 1443 habendum
894 1408 951 1443 esse
968 1404 1063 1443 certum

80 1472 127 1512 est.
164 1459 208 1509 Set
230 1459 422 1525 grammaticum
446 1461 573 1521 quendam
595 1459 780 1511 adclamarent
806 1460 951 1524 explicandi
972 1475 1063 1510 caussa

80 1531 204 1579 wnaltma
226 1527 398 1593 adscripisse,
424 1527 494 1588 quod
515 1528 541 1575 in
564 1527 758 1588 antiquissumis
780 1525 850 1576 libris
877 1535 916 1576 est
932 1529 1064 1578 clamorem

79 1598 119 1646 cel
133 1596 257 1644 tumeliam
279 1608 369 1658 parum
387 1594 530 1657 argumenti
545 1592 609 1641 mihi
627 1608 684 1642 esse
700 1593 808 1653 videtur.
826 1618 860 1628 -
876 1595 918 1653 60,
930 1595 955 1644 4.
969 1592 1063 1658 sicubi]

79 1664 154 1712 abacti
171 1660 191 1710 Ι.
209 1686 241 1697 -
260 1662 301 1720 61,
314 1661 339 1709 4.
359 1662 421 1709 clara
438 1675 460 1709 c.
473 1659 493 1711 1.
512 1659 604 1709 delevi.
620 1683 655 1697 ·-
677 1661 756 1720 52,1,
775 1656 896 1725 merenti]
920 1663 1025 1710 meritae
1041 1660 1061 1711 I.

79 1727 133 1777 Hoc
151 1727 182 1776 ab
203 1727 305 1776 licentia
327 1727 476 1775 correctorie
498 1727 623 1791 originem
644 1727 750 1776 duxisse
770 1727 823 1776 veri
843 1726 952 1777 similius
969 1728 1062 1787 visum,

80 1808 157 1856 quam
174 1797 288 1844 merenti.
311 1817 344 1829 -
367 1793 409 1852 63,
421 1793 446 1843 4.
464 1794 543 1855 scotie
565 1808 597 1842 ex
614 1793 722 1859 palmari
738 1792 855 1842 Palmerii
873 1791 1059 1860 emendatione]

77 1859 155 1925 facile
173 1861 194 1910 Ι.
217 1885 251 1897 ·-
276 1863 317 1920 63,
329 1860 354 1910 6.
373 1861 525 1911 coamdatum
547 1860 618 1922 quod
638 1861 725 1911 addidi
747 1860 839 1911 delevit
855 1860 874 1910 1.
909 1859 941 1911 Ut
963 1861 1025 1912 illud
1048 1877 1064 1910 a

79 1928 181 1977 librario
199 1926 265 1977 ultro
283 1927 406 1976 adiectum
419 1929 461 1987 sit,
479 1937 564 1977 mmcn
576 1929 715 1978 orationem
728 1927 806 1978 multo
819 1927 959 1992 pleniorem
971 1928 1062 1988 iacere,

79 1995 141 2056 quid
158 1994 228 2056 qaod
244 2008 326 2060 paene
343 1995 515 2044 necessarium
532 2009 589 2044 esse
611 1995 705 2044 iudico.
729 2020 762 2029 —
784 1995 826 2056 64,
839 1995 864 2043 2.
882 1995 988 2057 prinam
1004 2011 1063 2046 ean·

78 2068 158 2111 motae
175 2063 277 2111 insolita
293 2076 323 2110 re
340 2062 429 2109 mirari
450 2063 503 2110 eice
525 2056 739 2125 conciliatrici]
762 2062 844 2124 primo
862 2076 940 2112 coam.
962 2063 1010 2113 ina.
1033 2078 1063 2111 re

77 2129 168 2177 mirari
186 2129 292 2190 primam
313 2127 368 2176 eiua
390 2128 525 2177 concilium.
548 2151 580 2161 -
603 2127 644 2184 65,
661 2130 686 2177 2.
710 2141 779 2176 more
800 2141 858 2175 eum
874 2124 906 2193 1.]
930 2129 1011 2179 modo.
1029 2152 1063 2165 -

78 2195 120 2254 66,
134 2195 159 2244 1.
178 2195 278 2258 aliaque
295 2208 360 2258 qaae
377 2209 400 2243 c.
413 2189 444 2257 1.]
457 2197 514 2243 alta
526 2208 598 2259 qaae.
627 2192 721 2258 Recepi
733 2192 804 2255 illud,
821 2208 854 2243 ne
864 2191 930 2243 rorte
941 2193 1062 2245 Sallustio

79 2261 184 2309 nimiam
203 2260 340 2322 quamdam
357 2259 514 2325 diligentiam
537 2259 636 2310 viderer
652 2260 803 2311 adfluxisse.
822 2287 854 2297 -
877 2262 956 2321 67,1.
978 2262 1062 2311 Minus

79 2327 164 2377 audax
186 2327 249 2376 mihi
266 2328 338 2377 visas
357 2342 428 2386 sum,
451 2329 475 2377 sl
497 2341 541 2376 eos
564 2327 608 2388 qut
630 2329 666 2378 ad
691 2327 818 2377 excidisse
843 2341 964 2378 censuere
980 2354 1014 2364 —
1035 2329 1062 2377 in

77 2394 170 2457 quibus
182 2402 271 2445 auctor
281 2392 329 2444 iuit
341 2393 489 2458 scripturae,
504 2408 570 2457 quae
581 2394 607 2442 in
620 2393 748 2444 nonnullis
761 2393 865 2445 alteriue
878 2395 979 2460 generis
990 2395 1062 2445 libris

76 2463 179 2510 inventa
192 2471 274 2512 est-
286 2476 415 2524 sequerer,
433 2461 545 2524 quamsi
562 2461 745 2527 suspicionem,
762 2470 837 2511 antea
854 2477 870 2511 a
886 2476 927 2512 me
943 2464 1062 2529 proposi-

77 2536 129 2576 tam
147 2527 327 2591 (subplendam
344 2543 401 2578 esse
420 2531 559 2578 orationem
570 2544 654 2578 arcem
666 2555 697 2566 —
710 2527 852 2591 obsidebat)
869 2530 1001 2579 retinerem
1019 2537 1063 2579 aut

76 2608 99 2643 a.
117 2592 137 2642 I.
162 2607 223 2642 arce
245 2594 388 2642 scriberem.
428 2593 543 2643 Ceterum
563 2596 628 2657 sapa
644 2594 815 2657 prohibebant
835 2595 893 2658 lpse
914 2596 1062 2645 iamdudum

77 2659 215 2709 edideram.
228 2684 261 2695 -
279 2661 320 2719 67,
332 2663 357 2711 3.
377 2676 411 2710 aa
419 2662 539 2724 pactione
551 2667 594 2709 cat
606 2675 667 2709 cocu
683 2675 706 2711 c.
716 2655 747 2726 1.]
762 2666 806 2710 act
814 2663 935 2724 pactione
946 2678 980 2712 aa
992 2678 1061 2724 caca.

75 2751 109 2763 -
126 2727 168 2786 68,
179 2729 204 2776 2.
221 2734 328 2791 postera
345 2728 387 2776 die
404 2742 426 2777 c.
440 2723 474 2794 L]
491 2731 597 2791 poetero
615 2727 664 2777 die.
692 2727 728 2776 At
743 2735 772 2777 at
789 2729 865 2777 etiem
879 2736 987 2793 postera
998 2729 1062 2780 baro

75 2807 123 2859 pro
140 2801 268 2858 posteram
284 2795 372 2845 boram
387 2795 526 2858 reciperem
544 2794 575 2843 ab
586 2809 627 2844 me
638 2795 765 2859 inpetrare
776 2809 826 2846 non
838 2797 920 2860 potui.
931 2820 960 2833 —
980 2797 1021 2856 69,
1035 2799 1060 2848 2.

75 2862 172 2924 colpam
188 2876 211 2912 c.
223 2857 255 2926 L]
273 2864 361 2925 calpae
378 2869 406 2909 ut
422 2861 499 2910 etiam
516 2862 557 2920 76,
569 2861 593 2911 5.
623 2859 660 2910 De
672 2863 793 2912 extremis
805 2863 888 2912 verbis
901 2861 1063 2928 l..adlegavit

75 2927 195 2976 Momms,
209 2925 367 2977 Stadtrechte
378 2941 405 2991 p.
415 2929 465 2979 699
483 2943 509 2978 n.
519 2929 561 2979 20.
588 2928 650 2977 Mihi
662 2929 777 2978 nondum
789 2943 877 2979 omnes
889 2929 1061 2980 dubitationes

76 3002 209 3059 exemptae
221 3003 287 3045 sunt.
299 3021 333 3031 —
350 2996 392 3055 72,
398 2995 423 3044 2.
436 2991 615 3059 experrectus]
627 2995 727 3046 accim
735 2997 755 3046 Ι.
778 2995 926 3046 Diomedem
939 2997 1062 3047 memorie

75 3060 178 3126 lapsum
195 3075 252 3110 esse
268 3061 332 3111 mihi
348 3062 393 3112 vix
409 3061 528 3112 credibile
538 3061 645 3111 videtur.
663 3086 697 3099 -
715 3065 756 3123 76,
768 3064 794 3113 4.
811 3064 863 3127 suit
879 3079 900 3115 c.
912 3059 946 3130 Ι.]
962 3063 1061 3126 [κεναὶ.

75 3153 107 3164 -
126 3128 205 3187 74,1.
219 3125 284 3195 lide]
300 3131 365 3193 fidei
374 3129 394 3179 1.
417 3128 597 3179 Insolentiores
614 3128 711 3180 formas
729 3131 761 3180 eb
773 3130 882 3181 librariis
894 3140 989 3181 temere
999 3145 1062 3179 con-

74 3203 184 3245 mutatas
207 3209 265 3244 esse
286 3204 394 3246 constat.
416 3221 449 3232 —
471 3196 551 3255 75,1.
576 3196 667 3262 abique
687 3195 814 3265 plerique]
839 3198 883 3247 ubi
900 3199 1016 3262 plerique
1039 3197 1052 3246 i

74 3261 139 3311 Illud
164 3263 190 3311 in
213 3261 350 3328 archetypo
372 3261 455 3313 tuisse
476 3277 509 3311 ex
531 3261 647 3313 codicum
669 3266 802 3330 scripturis
823 3262 975 3314 coniectanti
996 3265 1060 3314 satis

74 3329 138 3377 mihi
154 3328 208 3377 veri
220 3328 303 3378 simile
313 3331 407 3384 visum
419 3355 452 3368 -
470 3329 511 3389 76,
521 3329 547 3381 b.
564 3336 669 3393 praecio
679 3331 768 3394 [creat
778 3345 800 3380 c.
811 3327 915 3394 Kritzio]
932 3330 1031 3391 fecerint
1038 3331 1060 3381 1.

75 3419 108 3430 -
127 3397 167 3454 76,
180 3398 204 3446 3.
227 3402 253 3446 et
273 3397 411 3446 etiamnum
432 3395 496 3446 mihi
513 3406 660 3460 suspectum
678 3406 725 3447 est.
748 3421 782 3434 ·-
807 3399 850 3457 77,
863 3399 889 3446 2.
906 3396 1059 3460 Iapartbiui,

70 3461 218 3519 quadrina
235 3464 307 3515 uncis
323 3465 343 3517 Ι.
361 3463 471 3528 reliquit,
492 3461 605 3513 deleme
621 3461 751 3528 glossema
768 3477 826 3514 esee
842 3472 909 3513 recte
926 3465 1061 3532 perspexit
