2392 3848
299 193 342 233 nn
362 191 466 234 annno
488 191 688 235 warmanno
709 191 736 232 c.
758 182 802 236 63.
823 181 866 235 64.
1034 173 1074 231 77

177 342 228 401 Set
250 341 275 400 is
296 346 382 400 natus
403 345 433 400 et
456 356 573 401 omnem
595 341 750 416 pueritiam
777 339 879 416 Arpini
904 338 993 408 sitm,
1020 338 1098 403 ubi3

93 426 221 503 primum
234 429 313 484 aetas
332 421 450 484 militiae
463 425 578 500 patiens
591 425 653 494 init,
672 423 822 502 stipendiis
837 421 989 492 faciundis,
1012 441 1073 482 non

93 509 205 568 Graeca
225 506 360 567 facundia
374 525 471 586 neque
486 506 607 587 urbanis
621 507 770 569 munditiis
784 523 849 566 sese
866 506 1013 566 exercuit:
1034 508 1073 566 ita

92 592 168 652 inter
189 591 259 651 artis
279 590 372 651 bonas
387 592 534 669 integrum
555 590 707 669 ingenium
726 590 810 651 brevi
828 587 960 650 adolevit
993 589 1098 668 Erg04

70 675 143 735 subi
159 675 288 752 primum
300 673 481 735 tribunatum
495 674 650 735 militarem
665 694 682 734 a
696 672 806 753 populo
819 673 908 752 petit,
924 673 1073 752 plerisque

92 757 197 818 taciem
216 758 279 818 eius
296 757 499 835 ignorantibus
521 757 604 819 iactis
617 764 704 817 notus
724 775 779 835 per
801 757 896 817 omnis
914 756 1007 816 tribus
1022 757 1072 818 de·

93 841 230 901 claratur.
269 840 381 902 Deinde
406 840 443 900 ab
465 858 500 902 eo
515 842 686 918 magistratu
711 839 800 901 alum
820 846 888 917 post
908 839 998 900 alium
1018 840 1099 902 sibi5

92 926 220 1002 peperit,
249 941 424 1003 semperque
451 926 482 985 in
501 925 693 1002 potestatibus
717 942 752 985 eo
772 922 861 983 modo
883 922 1019 1000 agitabat,
1041 931 1075 984 ut

92 1008 233 1085 ampliore
250 1026 339 1087 mam
351 1006 474 1084 gerebat
488 1008 595 1086 dignus
611 1007 781 1070 haberetur.
815 1007 928 1068 Tamen
949 1006 1026 1067 ised
1044 1008 1099 1071 ido

57 1091 226 1153 aolocorum
239 1090 361 1152 talisvir
383 1125 418 1136 -
438 1111 507 1154 nam
529 1099 631 1170 postea
645 1092 804 1153 ambitione
822 1108 966 1171 praeceps
989 1090 1075 1152 datus

91 1183 136 1236 est
157 1210 205 1247 -,
220 1179 403 1237 ementatum
417 1176 555 1254 adpetere
576 1195 636 1237 non
657 1176 792 1239 audebat
828 1176 985 1236 Etiamtunr
1001 1174 1073 1235 alios

90 1260 276 1337 magistratus
289 1257 399 1336 plebes,
423 1259 605 1320 consulatum
618 1260 753 1321 nobilitas
766 1259 842 1320 inter
857 1278 890 1320 se
903 1277 958 1337 per
969 1277 1074 1320 manus

90 1341 233 1401 tradebat.
262 1341 359 1401 Novos
374 1359 461 1402 namo
477 1349 535 1402 tam
553 1343 649 1404 clarus
662 1362 758 1423 neque
772 1351 832 1402 tam
847 1344 973 1420 egregiis
989 1343 1098 1402 iactis7

93 1431 170 1493 erat,
184 1425 253 1502 quin
266 1425 291 1484 is
301 1425 438 1502 indignus
448 1424 497 1486 illo
509 1425 621 1488 bonore
632 1434 660 1488 et
672 1427 754 1506 quasi
763 1425 891 1503 pollutus
902 1424 1071 1485 baberetur.

58 1528 83 1569 1⁵
159 1507 252 1588 Igitur
262 1507 313 1567 ubi
324 1507 433 1569 Marius
444 1509 607 1587 haruspicis
621 1509 697 1571 dicta
712 1509 815 1572 eodem
826 1510 979 1569 intendere
996 1508 1074 1568 videt
1084 1506 1121 1568 64

92 1609 149 1669 quo
165 1591 271 1670 cupido
287 1594 374 1652 animi
388 1592 570 1662 hortabatur,
583 1592 620 1653 ab
632 1592 747 1655 Metello
761 1592 883 1671 petundi
896 1592 989 1670 gratia
1003 1593 1072 1652 mis·

91 1677 203 1736 sionem
224 1681 320 1752 rogat.
364 1675 416 1736 Cui
444 1695 622 1755 quamquam
641 1680 733 1738 virtus
754 1676 847 1755 gloria
869 1677 924 1736 alia
945 1676 1072 1752 optanda

91 1757 176 1818 bonis
196 1757 384 1836 superabant,
401 1765 498 1819 tamen
518 1761 613 1821 inerat
635 1768 818 1838 contemptor
836 1761 950 1821 animus
972 1767 1001 1820 et
1022 1777 1071 1821 su·

91 1841 209 1918 perbia,
226 1859 381 1902 commune
391 1840 548 1902 nobilitatis
558 1843 678 1904 malum.
725 1845 828 1924 ltaque
849 1845 980 1921 primum
1002 1851 1097 1900 con-2

56 1931 188 1985 aomotus
209 1922 328 1986 insolita
355 1943 389 1983 re
410 1927 513 1989 mirari
528 1927 590 1986 eius
605 1926 772 2013 consilium,
787 1933 816 1987 et
831 1929 914 2004 quasi
930 1943 984 2002 por
1002 1928 1072 1985 ami·

92 2010 186 2069 citiam
207 2026 329 2068 monere
346 2026 385 2068 ne
406 2016 466 2068 tam
485 2026 574 2087 prava
591 2012 734 2088 inciperet
747 2028 807 2072 neu
820 2016 908 2087 super
923 2009 1073 2068 fortunam

90 2093 219 2153 animum
234 2100 367 2170 gereret:
381 2110 441 2152 non
457 2094 553 2153 omnia
568 2094 703 2155 omnibus
714 2094 861 2173 cupiunda
873 2111 948 2163 esse,
963 2091 1072 2154 debere

89 2175 130 2234 illi
151 2194 200 2236 res
219 2192 288 2235 suas
310 2177 379 2238 satis
403 2175 536 2254 placere:
564 2184 715 2256 postremo
738 2186 853 2240 caveret
880 2178 909 2239 id
931 2183 1033 2255 petere
1054 2196 1071 2237 a

89 2257 197 2336 populo
216 2258 365 2329 Romano,
387 2260 465 2337 quod
487 2259 527 2320 illi
547 2263 611 2322 iure
626 2270 792 2340 negaretur.
823 2261 982 2338 Postquam
998 2260 1097 2320 haece

56 2365 80 2404 τε
91 2347 177 2420 atque
197 2341 253 2402 alia
264 2342 332 2402 talia
347 2342 419 2403 dixit
433 2361 529 2420 neque
541 2346 654 2406 animus
669 2345 744 2404 llari·
756 2345 898 2413 flectitur,
919 2342 1074 2417 respondit

89 2424 141 2485 ubi
152 2427 280 2504 primum
290 2426 433 2503 potuisset
441 2444 496 2503 per
507 2429 623 2504 negotia
633 2427 750 2504 publica
762 2427 907 2488 iacturum
921 2444 985 2487 sese
997 2444 1072 2503 quae

88 2515 211 2585 peteret.
244 2509 286 2568 Ac
299 2514 401 2587 postea
416 2511 532 2587 saepius
549 2510 651 2570 cadem
666 2509 823 2587 postulanti
838 2510 932 2572 fertur
947 2510 1097 2572 dixisseze

89 2609 127 2652 ne
144 2591 296 2653 festinaret
310 2591 408 2653 abire:
426 2595 495 2654 satis
516 2599 630 2654 mature
652 2593 733 2656 illum
755 2613 823 2656 cum
844 2595 903 2655 lilio
925 2614 978 2655 suo
1000 2612 1071 2654 con·

89 2674 215 2736 sulatum
235 2680 404 2754 petiturum.
437 2675 518 2738 Iseo
533 2683 667 2756 tempore
689 2679 881 2741 contubernio
903 2679 994 2755 patris
1016 2678 1070 2738 ibi·

54 2781 81 2822 ao
92 2759 158 2819 dem
178 2758 334 2829 militabat,
354 2777 446 2820 annos
466 2767 551 2822 natus
572 2761 688 2823 cbciter
701 2763 809 2842 viginti.
852 2762 934 2833 Quae
948 2779 997 2822 res
1011 2761 1071 2821 Ma·

88 2843 166 2903 rium
187 2861 254 2903 cum
276 2860 331 2921 pro
353 2842 468 2906 bonore
506 2863 593 2924 quern
608 2845 787 2916 adfectabat,
810 2852 872 2907 tum
890 2853 992 2906 oontm
1009 2844 1069 2906 lle-

88 2925 189 2987 tellum
202 2928 391 2989 vehementer
404 2928 591 2990 adcenderat.
622 2930 664 2991 lta
680 2931 816 3008 cupidine
831 2937 918 3009 atque
932 2932 984 3000 ira,
1003 2941 1096 3006 pes-5

88 3012 178 3070 sumis
193 3010 418 3081 consultoribus,
433 3016 568 3089 grassari,
592 3031 688 3093 neque
704 3015 781 3074 iacto
801 3013 861 3074 ullo
878 3031 975 3091 neque
990 3015 1068 3074 dicto

89 3092 250 3164 abstinere,
273 3095 352 3171 quod
372 3095 461 3155 modo
482 3097 667 3158 ambitiosum
684 3098 774 3168 ioret,
797 3097 902 3158 milites
918 3095 1024 3175 quibus
1039 3097 1069 3154 in

54 3176 220 3238 asbibernis
234 3185 372 3254 praeerat
384 3178 624 3258 laxioreimperio
641 3199 730 3260 quam
744 3190 828 3243 antea
846 3180 971 3248 babere,
992 3179 1070 3255 apud

88 3263 294 3338 negotiatores,
315 3280 442 3342 quorum
462 3282 567 3343 magna
585 3265 740 3326 multitudo
757 3265 856 3326 Uticae
879 3269 955 3334 erat,
972 3263 1069 3322 crimi-

89 3359 162 3405 nose
178 3344 264 3405 simul
276 3353 309 3408 et
322 3347 476 3425 magnifice
490 3350 526 3409 de
538 3349 616 3410 bello
630 3348 725 3427 loqui:
743 3349 860 3409 dimidia
874 3364 944 3425 pars
959 3347 1069 3408 exerci-

89 3433 137 3487 tus
148 3429 173 3488 si
183 3428 238 3490 sibi
251 3432 480 3509 permitteretur,
495 3433 595 3510 paucis
611 3433 714 3495 diebus
730 3431 900 3509 Iugurtham
914 3433 945 3492 in
960 3431 1073 3491 catenis
