2392 3848
212 189 254 229 ne
277 188 447 231 carmiuare
473 181 886 234 commemorassem.
910 183 951 234 48.
1026 172 1066 232 23

99 337 193 396 Ceteri
203 337 264 397 sine
276 355 357 397 mora
367 338 493 406 veniunt,
510 337 673 414 Caeparius,
690 337 776 413 paulo
791 344 857 396 ante
868 338 954 396 domo
969 349 1093 412 egres-a

97 436 160 486 sus,
180 421 294 494 cognito
310 419 415 479 indicio
433 439 467 479 ex
489 420 563 480 urhe
576 419 755 497 profugerat.
792 418 898 480 Consul
913 420 1067 480 Lentulum

96 501 175 579 quod
189 509 308 579 praetor
323 510 385 562 erat
398 503 460 579 ipse
475 521 564 564 mauu
578 510 682 562 tenens
696 503 843 580 perducit,
859 504 984 562 relicuos
1000 520 1067 562 cum

97 583 265 645 custodibus
285 587 314 644 in
336 585 436 645 aedem
453 585 631 646 Concordiae
645 587 744 644 venire
759 585 848 645 iuhct.
878 585 920 644 Eo
935 591 1091 644 senatuma

73 683 86 721 s
100 665 227 734 advocat,
243 683 407 745 magnaque
421 668 584 747 frequentia
599 669 661 727 eius
677 668 786 726 ordinis
802 668 984 728 Volturcium
999 685 1066 727 cum

95 746 197 823 legatis
210 751 376 817 introducit,
388 749 525 810 Flaccum
538 760 707 826 praetorem
720 752 860 809 scrinium
873 768 939 809 cum
953 750 1064 818 litteris,

95 847 167 905 quas
185 831 316 905 alegatis
334 841 501 907 acceperat,
525 832 628 891 eodem
641 831 757 890 adferre
777 830 865 891 iubet.
904 831 1067 891 Volturcius
1076 828 1114 887 47

95 911 290 993 interrogatus
305 913 341 972 de
358 914 474 982 itinere,
497 915 533 973 de
552 913 668 980 litteris,
691 922 838 988 postremo
854 914 924 991 quid
939 922 988 973 aut
1010 932 1066 991 qua

95 993 131 1052 de
155 1011 244 1055 causa
269 995 370 1054 consili
383 994 540 1064 habuisset,
564 997 659 1073 primo
675 996 785 1071 lingere
805 995 868 1063 aha,
886 996 1067 1056 dissimulare

60 1075 130 1136 ode
153 1078 366 1139 coniuratione:
395 1086 462 1155 post
484 1079 536 1139 uhi
562 1078 619 1138 fide
640 1077 756 1154 publica
778 1078 874 1138 dicere
896 1080 991 1138 iussus
1014 1088 1065 1147 est,

94 1161 190 1218 omnia
204 1161 247 1219 uti
262 1168 343 1236 gesta
357 1169 441 1221 erant
454 1164 555 1238 aperit,
568 1163 710 1238 docetque
723 1177 754 1219 se
768 1162 868 1237 paucis
882 1169 949 1221 ante
964 1160 1067 1220 diebus

95 1260 110 1299 a
134 1241 255 1303 Gabinio
275 1252 304 1301 et
325 1242 464 1320 Caepario
479 1246 591 1304 socium
605 1244 747 1303 adscitum
761 1243 833 1302 nihil
848 1243 972 1321 amplius
991 1245 1067 1303 scire

94 1340 181 1400 quam
195 1323 320 1400 legatos:
341 1331 453 1384 tantum
471 1328 558 1386 modo
582 1327 683 1385 audire
704 1325 821 1385 solitum
843 1345 878 1386 ex
893 1326 1015 1386 Gabinio
1032 1327 1064 1386 P.

92 1405 267 1465 Autronium
293 1406 426 1469 Servium
441 1408 550 1469 Sullam
576 1408 609 1468 L.
625 1408 843 1483 Vargunteium,
858 1409 965 1469 multos
979 1427 1065 1487 prae-

59 1506 84 1547 rs
92 1493 172 1548 terea
200 1491 229 1549 in
256 1508 290 1552 ea
319 1492 517 1551 coniuratione
540 1509 612 1551 esse.
656 1490 765 1549 Eadem
788 1491 861 1550 Calli
881 1491 1009 1552 latentur
1031 1501 1091 1552 acu

91 1569 245 1632 Lentulum
267 1573 494 1635 dissimulantem
509 1580 671 1649 coarguunt
691 1578 808 1649 praeter
822 1573 932 1633 litteras
953 1591 1064 1634 sermo·

91 1652 192 1723 nibus,
224 1674 297 1733 quos
317 1656 365 1717 ille
384 1657 495 1717 habere
522 1656 622 1716 solitus
650 1664 726 1716 erat:
753 1674 789 1716 ex
816 1655 899 1716 libris
921 1656 1065 1734 Sibyllinis

91 1752 215 1810 regnum
226 1737 335 1798 Romae
348 1739 442 1799 tribus
452 1739 591 1800 Corneliis
601 1739 751 1816 portendi:
768 1738 887 1800 Cinnam
901 1746 988 1816 atque
1000 1739 1064 1799 Sul·

90 1815 148 1876 lam
160 1826 253 1887 antea,
265 1837 297 1879 se
308 1823 425 1881 tertium
438 1839 509 1889 esse,
524 1823 572 1882 cui
584 1822 674 1880 latum
687 1822 763 1881 foret
772 1821 854 1881 urhis
865 1823 967 1898 potiri:
979 1839 1064 1898 prae-

58 1906 174 1960 aeterea
195 1899 231 1960 ab
254 1903 373 1962 incenso
396 1902 534 1980 Capitolio
556 1903 637 1961 illum
658 1921 722 1962 esse
742 1905 923 1978 vigesumum
945 1921 1063 1970 annum,

93 2000 180 2058 quem
194 2000 281 2060 saepe
296 2003 332 2046 ex
348 1986 487 2064 prodigiis
502 1986 650 2061 aruspices
663 1985 881 2061 respondissent
897 1985 974 2045 bello
990 1985 1064 2044 cirili

92 2074 244 2126 cruentum
264 2068 337 2128 lore.
373 2068 465 2146 Igitur
482 2067 618 2146 perlectis
636 2066 752 2133 litteris,
773 2083 840 2126 cum
858 2069 940 2144 prius
963 2076 1090 2128 omnes3

91 2148 173 2222 signa
187 2166 240 2208 sua
256 2153 466 2225 cognovissent,
489 2156 606 2210 senatus
628 2149 771 2216 decernit,
794 2151 837 2209 uti
851 2148 985 2210 abdicato
1002 2169 1064 2211 ma-

91 2230 213 2304 gistratu
228 2231 367 2294 Lentulus
380 2235 508 2311 itemque
523 2234 613 2293 ceteri
626 2235 656 2291 in
669 2230 768 2290 liberis
783 2231 920 2291 custodiis
935 2232 1064 2294 habean-

56 2316 147 2372 astur.
179 2312 279 2391 ltaque
296 2315 436 2375 Lentulus
451 2316 483 2376 P.
498 2314 621 2375 Lentulo
640 2313 796 2392 Spintheri,
815 2314 942 2390 quitum
963 2316 1090 2376 aedilise

91 2402 162 2461 erat,
183 2395 326 2470 Cethegus
340 2398 374 2466 0.
396 2397 559 2463 Cornificio,
574 2394 699 2455 Statilius
722 2397 755 2457 G.
774 2395 903 2462 Caesari,
925 2395 1064 2457 Gabinius

90 2475 127 2533 hl.
141 2474 254 2545 Crasso,
270 2477 426 2554 Caeparius
440 2512 474 2522 -
488 2495 555 2537 narn
572 2479 597 2536 is
611 2476 697 2554 paulo
713 2484 779 2536 ante
791 2495 825 2537 ex
837 2477 905 2555 luga
920 2488 1063 2540 retractus

91 2564 154 2617 erat
172 2592 206 2601 —
224 2559 278 2618 Gn.
297 2559 433 2620 Terentio
448 2562 576 2621 senatori
591 2561 756 2622 traduntur.

173 2640 288 2702 Interea
308 2643 408 2720 plebes
423 2645 622 2704 coniuratione
635 2643 790 2718 patefacta,
812 2661 886 2720 quac
901 2646 996 2720 primo
1010 2665 1061 2707 cu·
1073 2648 1113 2711 48

58 2724 157 2800 tepida
168 2741 269 2783 rerum
284 2743 424 2786 novarum
439 2727 524 2786 nimis
537 2724 613 2784 hello
628 2725 750 2794 favebat,
773 2732 881 2785 mutata
896 2734 992 2782 monae
1002 2730 1063 2789 Ca-

90 2804 187 2864 tilinae
205 2807 322 2867 consilia
340 2810 484 2876 execrari,
505 2806 674 2866 Ciceronem
688 2808 724 2864 ad
744 2807 856 2862 caelum
868 2799 986 2861 tollere:
1001 2802 1060 2862 vel·

90 2888 132 2947 uti
159 2906 194 2948 ex
221 2890 358 2950 servitute
379 2898 478 2968 erepta
499 2890 637 2966 gauihum
659 2895 744 2965 atque
763 2886 902 2946 laetitiam
920 2885 1060 2964 agitabat:

89 2987 215 3048 namque
237 2970 291 3031 alia
305 2971 373 3033 belli
394 2974 523 3033 facinora
536 2972 663 3049 praedae
677 2971 768 3045 magis
781 2986 868 3048 qum
887 2969 1089 3031 detrimentoe

91 3051 164 3120 lore,
183 3054 349 3114 incendium
364 3074 433 3115 vero
449 3054 567 3116 crudele
581 3052 795 3113 inmoderatum
809 3068 843 3110 ac
858 3052 914 3112 sihi
927 3069 1062 3112 maxume

57 3157 82 3199 u
93 3135 290 3194 calamitosum
307 3136 434 3213 putabat,
451 3140 558 3213 quippe
573 3137 620 3195 cui
641 3151 741 3194 omnes
756 3137 855 3211 copiae
873 3137 903 3193 in
920 3152 975 3193 usu
990 3133 1061 3190 coti·

92 3218 177 3279 diano
196 3225 225 3277 et
246 3217 326 3278 cultu
348 3221 480 3296 corporis
502 3225 594 3278 erant.

175 3301 243 3360 Post
264 3319 332 3362 euru
346 3300 422 3361 diem
438 3301 555 3380 quidam
569 3300 602 3360 L.
618 3300 792 3378 Tarquinius
809 3298 846 3358 ad
861 3305 993 3358 senatum
1011 3296 1089 3361 adt

91 3382 195 3444 ductus
215 3392 291 3453 erat,
313 3402 399 3464 quem
422 3384 458 3444 ad
474 3382 622 3443 Catilinam
644 3383 878 3460 proticiscentem
902 3397 937 3440 ex
958 3379 1062 3440 itinere
