2392 3848
121 184 161 244 66
334 200 376 240 ne
399 198 501 240 abaco
521 196 720 239 rvevnrflnro
739 197 767 239 c.
784 189 828 243 ts.
845 190 886 243 46.

94 348 268 414 odoratum:
281 365 408 424 namque
420 346 514 406 edicto
525 347 653 425 primum
668 349 834 409 adiumenta
849 347 979 424 ignaviae
1003 357 1099 412 sustu·

120 432 203 499 iisse,
227 448 265 491 nc
288 432 442 510 quisquam
462 431 491 489 in
509 433 612 491 castris
628 449 735 508 panem
756 440 805 491 aut
823 449 909 509 quem
928 431 1018 491 alium
1033 451 1102 494 coc·

120 522 182 575 tum
205 515 304 574 cibum
325 512 479 581 venderet,
503 531 540 574 ne
561 513 636 575 lixae
658 516 818 575 exercitum
833 521 1042 593 sequerentur,
1063 534 1103 579 ne

119 598 201 658 miles
224 598 377 673 gregarius
400 597 551 656 incastris
573 615 646 657 neve
667 599 697 657 in
719 600 836 673 agmine
850 615 968 658 servum
984 605 1035 659 aut
1057 601 1101 661 iu·

120 687 251 740 mentum
265 679 402 741 baberet:
424 681 529 740 ceteris
549 687 611 740 arte
628 681 748 741 modum
765 682 907 742 statuisse.
940 681 1123 745 Praetereas

119 764 293 823 transvorsis
308 763 461 824 itineribus
477 763 581 823 cotidie
592 769 687 825 castra
706 781 833 833 movere,
853 765 930 824 iuxta
948 767 1025 825 acsi
1046 764 1102 826 bo·

120 854 178 907 stes
194 848 329 908 adessent
343 847 418 908 vallo
435 852 522 925 atque
542 845 618 907 fossa
633 848 758 917 munire,
774 846 884 924 vigilias
904 846 1025 908 crebras
1047 867 1101 929 po-

118 949 190 992 nere
213 937 242 991 et
262 948 311 992 eas
328 933 390 1008 ipse
413 948 480 990 cum
500 929 602 1005 legatis
622 932 786 1000 circumire,
802 933 871 990 item
893 930 923 989 in
940 933 1056 1009 agmine
1070 935 1101 993 in

69 1044 79 1059 ·
120 1016 221 1091 primis
239 1014 327 1073 modo
341 1014 429 1073 modo
444 1014 474 1072 in
489 1014 655 1090 postremis,
672 1030 759 1090 saepe
777 1015 807 1073 in
823 1013 920 1074 medio
932 1014 1045 1085 adesse,
1061 1034 1101 1077 ne

120 1098 263 1175 quispiam
284 1096 386 1156 ordine
404 1097 605 1172 egrederetur,
627 1103 661 1156 ut
675 1114 743 1157 cum
760 1098 849 1174 signis
872 1096 1041 1176 frequentes
1054 1099 1100 1159 in·
1111 1120 1138 1162 ro

93 1181 272 1248 sorderent,
297 1178 380 1239 miles
402 1178 501 1238 cibum
524 1186 552 1238 et
572 1197 652 1239 arma
674 1186 814 1256 portaret.
849 1181 891 1240 lta
913 1181 1100 1259 probibendo

118 1283 134 1323 a
155 1261 266 1322 delictis
288 1263 381 1338 magis
398 1280 485 1340 quam
508 1263 682 1323 vindicando
702 1264 864 1325 exereitum
886 1262 969 1324 brevi
990 1266 1100 1326 confir·

117 1347 213 1406 mavit.

67 1439 107 1498 46
200 1429 315 1489 Interea
337 1428 486 1505 iugurtha,
505 1428 557 1490 ubi
571 1417 645 1506 quae
659 1427 791 1489 Metellus
813 1429 918 1506 agebat
932 1449 968 1490 ex
987 1433 1099 1492 nuntiis

118 1515 238 1591 accepit,
254 1513 339 1573 simul
356 1513 392 1572 de
407 1514 570 1573 innocentia
587 1513 649 1571 eius
663 1513 771 1572 certior
787 1512 880 1572 Roma
897 1513 999 1579 lactus,
1023 1514 1099 1575 ditfl-
1109 1534 1135 1577 u

118 1597 189 1657 dere
210 1598 270 1656 suis
293 1594 383 1656 rebus
406 1614 440 1655 ae
459 1601 523 1655 tum
542 1595 660 1655 demum
682 1613 782 1656 veram
804 1596 979 1658 deditionem
1001 1596 1102 1660 lacere

93 1686 241 1739 aconatus
257 1686 310 1738 est.
340 1677 432 1753 Igitur
445 1677 556 1755 legatos
572 1677 608 1738 ad
625 1679 776 1739 consulem
792 1699 859 1740 cum
873 1679 1022 1758 subplioiis
1032 1683 1100 1741 mit·

116 1764 167 1829 tit,
191 1763 240 1838 qui
261 1766 374 1820 tantum
396 1760 483 1820 modo
506 1761 560 1839 ipsi
581 1760 740 1842 liberisque
761 1764 848 1823 vitam
869 1769 1020 1842 peterent,
1044 1763 1100 1826 alia

117 1845 213 1903 omnia
235 1843 376 1904 dederent
396 1843 506 1922 populo
527 1844 669 1906 Romano.

90 1941 105 1993 3
200 1928 251 1989 Set
260 1926 376 1987 Metello
387 1929 444 1988 iam
456 1935 541 1989 antea
557 1932 762 2008 experimentis
773 1933 920 2010 cognitum
933 1936 995 1990 erat
1004 1947 1133 2007 genusne

115 2011 308 2072 Numidarum
331 2012 467 2081 intidum,
491 2013 608 2088 ingenio
625 2013 739 2082 mobili,
762 2032 904 2074 novarum
919 2032 1021 2075 rerum
1038 2017 1098 2074 ari·

89 2095 186 2160 udum
207 2113 280 2154 esse.
296 2096 397 2174 ltaque
417 2095 529 2171 legatos
549 2095 638 2154 alium
657 2095 693 2155 ab
710 2096 766 2155 alio
783 2097 913 2157 divorsos
928 2098 1098 2175 adgreditur

116 2195 150 2236 ae
172 2175 311 2253 paulatim
328 2177 511 2255 temptando,
522 2183 677 2253 postquam
689 2182 870 2255 opportunos
881 2176 938 2237 sibi
950 2181 1097 2257 cognovit,

115 2260 206 2320 multa
227 2259 392 2338 pollicendo
413 2260 570 2337 persuadet
590 2262 632 2321 uti
654 2261 826 2338 Iugurtham
842 2280 978 2323 maxume
993 2264 1096 2334 vivom,

115 2346 160 2404 sin
181 2345 211 2405 id
233 2363 338 2425 parum
362 2344 537 2421 procederet
550 2351 687 2406 necatum
701 2346 756 2406 sibi
773 2347 940 2409 traderent:
963 2352 1130 2408 ceterumu

89 2429 221 2507 apalam,
239 2447 312 2507 quae
327 2447 362 2489 ex
377 2428 524 2490 voluntate
536 2428 633 2490 forent
647 2432 725 2506 regi,
740 2433 869 2491 nuntiari
883 2429 972 2491 iubet.
986 2428 1097 2491 Deinde

118 2516 180 2588 ipse
201 2513 302 2589 paucis
324 2511 426 2573 diebus
443 2514 554 2573 intento
576 2519 663 2590 atque
684 2514 788 2573 infesto
806 2515 935 2574 exercitu
950 2515 981 2572 in
995 2513 1097 2574 Numi·

116 2596 193 2653 diam
212 2594 353 2670 procedit,
372 2594 424 2654 ubi
444 2602 545 2654 contra
562 2592 631 2654 belli
646 2596 749 2654 faciem
764 2597 881 2672 tuguria
894 2593 981 2671 plena
1002 2594 1096 2657 bomi-

36 2724 39 2730 .
114 2694 201 2744 num,
220 2693 329 2753 pecora
347 2675 532 2754 cultoresque
546 2677 576 2735 in
593 2677 671 2751 agris
686 2683 783 2737 erant:
807 2695 842 2737 ex
858 2677 972 2756 oppidis
989 2683 1018 2736 et
1032 2694 1096 2738 ma-

114 2758 230 2839 palibus
244 2759 386 2838 praelecti
401 2761 480 2837 regis
493 2759 569 2819 obvii
584 2759 792 2837 procedebant,
809 2763 903 2839 parati
915 2760 1095 2825 frumentum
1104 2788 1131 2830 aa

115 2844 195 2911 dare,
213 2850 397 2903 conmeatum
409 2849 543 2921 portare,
559 2849 708 2919 postremo
724 2846 818 2906 omnia
827 2863 902 2924 quae
912 2847 1095 2923 imperaren-

88 2932 162 2987 6tur
178 2925 284 2985 lacere.
308 2924 410 3004 Neque
430 2924 562 2985 Metellus
577 2925 687 2985 idcirco
705 2927 816 2995 minus,
838 2934 883 2988 set
896 2930 1006 3005 pariter
1022 2932 1095 2990 acsi

114 3009 214 3068 hostes
225 3007 368 3079 adessent,
385 3010 497 3072 munito
508 3010 624 3085 agmine
635 3008 782 3079 incedere,
795 3010 851 3072 late
865 3011 1020 3091 explorare
1032 3030 1094 3072 om-

114 3093 171 3160 nia,
195 3091 243 3152 illa
261 3091 414 3154 deditionis
427 3093 510 3172 signa
526 3093 650 3154 ostentui
672 3093 794 3156 credere
816 3102 845 3157 et
865 3096 975 3157 insidiis
996 3095 1094 3156 locum

89 3178 258 3255 ttemptari.
294 3176 395 3256 ltaque
410 3180 472 3256 ipse
494 3196 561 3238 eum
576 3176 717 3255 expeditis
736 3178 914 3247 cohortibus,
938 3182 1006 3239 item
1027 3177 1112 3237 lun-e

115 3261 242 3322 diturum
263 3267 291 3321 et
313 3256 529 3338 sagittariorum
551 3261 662 3322 delecta
683 3280 772 3322 manu
792 3263 870 3340 apud
888 3264 999 3339 primos
1019 3268 1090 3330 erat,

115 3345 144 3403 in
165 3352 314 3421 postremo
337 3344 371 3405 G.
395 3344 502 3405 Marius
523 3343 636 3421 legatus
658 3363 725 3406 cum
744 3345 889 3424 equitibus
911 3344 1041 3414 curabat,
1062 3345 1093 3404 in

115 3432 273 3506 utrumque
300 3427 377 3490 lotus
405 3426 570 3488 auxiliarios
597 3429 709 3506 equites
736 3426 863 3488 tribunis
890 3426 1037 3506 legionum
1065 3436 1094 3487 et
