<?xml version="1.0" encoding="UTF-8"?>
<!DOCTYPE html PUBLIC "-//W3C//DTD XHTML 1.0 Transitional//EN"
    "http://www.w3.org/TR/xhtml1/DTD/xhtml1-transitional.dtd">
<html xmlns="http://www.w3.org/1999/xhtml" xml:lang="en" lang="en">
 <head>
  <title>
</title>
<meta http-equiv="Content-Type" content="text/html;charset=utf-8" />
  <meta name='ocr-system' content='tesseract 3.04.00' />
  <meta name='ocr-capabilities' content='ocr_page ocr_carea ocr_par ocr_line ocrx_word'/>
</head>
<body>
  <div class='ocr_page' id='page_1' title='image "./libridecatilina00sallgoog_0076.png"; bbox 0 0 2392 3848; ppageno 0'>
   <div class='ocr_carea' id='block_1_1' title="bbox 331 204 1059 262">
    <p class='ocr_par' dir='ltr' id='par_1_1' title="bbox 331 204 1059 262">
     <span class='ocr_line' id='line_1_1' title="bbox 331 204 1059 262; baseline 0.008 -6"><span class='ocrx_word' id='word_1_1' title='bbox 331 219 373 258; x_wconf 81' lang='grc'><strong>11</strong></span> <span class='ocrx_word' id='word_1_2' title='bbox 396 216 498 259; x_wconf 80' lang='lat' dir='ltr'><strong>annno</strong></span> <span class='ocrx_word' id='word_1_3' title='bbox 521 216 698 260; x_wconf 80' lang='lat' dir='ltr'><strong>avevvrnvo</strong></span> <span class='ocrx_word' id='word_1_4' title='bbox 720 216 746 258; x_wconf 92' lang='lat' dir='ltr'><strong>c.</strong></span> <span class='ocrx_word' id='word_1_5' title='bbox 768 209 812 261; x_wconf 86' lang='lat'><strong>31.</strong></span> <span class='ocrx_word' id='word_1_6' title='bbox 1018 204 1059 262; x_wconf 82' lang='lat'><strong>57</strong></span> 
     </span>
    </p>
   </div>
   <div class='ocr_carea' id='block_1_2' title="bbox 62 359 1106 774">
    <p class='ocr_par' dir='ltr' id='par_1_2' title="bbox 62 359 1106 774">
     <span class='ocr_line' id='line_1_2' title="bbox 85 359 1059 441; baseline 0.004 -19"><span class='ocrx_word' id='word_1_7' title='bbox 85 363 161 438; x_wconf 89' lang='lat' dir='ltr'><strong>pisse</strong></span> <span class='ocrx_word' id='word_1_8' title='bbox 172 377 277 439; x_wconf 90' lang='lat' dir='ltr'><strong>parum</strong></span> <span class='ocrx_word' id='word_1_9' title='bbox 288 359 427 430; x_wconf 84' lang='lat' dir='ltr'><strong>habuere,</strong></span> <span class='ocrx_word' id='word_1_10' title='bbox 442 363 538 441; x_wconf 87' lang='lat' dir='ltr'><strong>itaque</strong></span> <span class='ocrx_word' id='word_1_11' title='bbox 552 366 701 440; x_wconf 91' lang='lat' dir='ltr'><strong>postremo</strong></span> <span class='ocrx_word' id='word_1_12' title='bbox 715 363 795 441; x_wconf 72' lang='lat' dir='ltr'><strong>leges</strong></span> <span class='ocrx_word' id='word_1_13' title='bbox 809 365 942 424; x_wconf 88' lang='lat' dir='ltr'><strong>maiestas</strong></span> <span class='ocrx_word' id='word_1_14' title='bbox 954 374 1059 436; x_wconf 90' lang='lat' dir='ltr'><strong>vostra,</strong></span> 
     </span>
     <span class='ocr_line' id='line_1_3' title="bbox 85 440 1106 527; baseline 0.006 -23"><span class='ocrx_word' id='word_1_15' title='bbox 85 445 178 504; x_wconf 89' lang='lat' dir='ltr'><strong>divina</strong></span> <span class='ocrx_word' id='word_1_16' title='bbox 199 449 228 504; x_wconf 91' lang='lat' dir='ltr'><strong>et</strong></span> <span class='ocrx_word' id='word_1_17' title='bbox 245 444 372 505; x_wconf 84' lang='lat' dir='ltr'><strong>bumana</strong></span> <span class='ocrx_word' id='word_1_18' title='bbox 386 446 483 505; x_wconf 87' lang='lat' dir='ltr'><strong>omnia</strong></span> <span class='ocrx_word' id='word_1_19' title='bbox 499 444 632 506; x_wconf 83' lang='lat' dir='ltr'><strong>hostibus</strong></span> <span class='ocrx_word' id='word_1_20' title='bbox 648 447 752 508; x_wconf 85' lang='lat' dir='ltr'><strong>tradita</strong></span> <span class='ocrx_word' id='word_1_21' title='bbox 768 455 844 507; x_wconf 86' lang='lat' dir='ltr'><strong>sunt.</strong></span> <span class='ocrx_word' id='word_1_22' title='bbox 879 440 980 527; x_wconf 82' lang='lat' dir='ltr'><strong>Neque</strong></span> <span class='ocrx_word' id='word_1_23' title='bbox 998 450 1106 519; x_wconf 80' lang='lat' dir='ltr'><strong>eos,10</strong></span> 
     </span>
     <span class='ocr_line' id='line_1_4' title="bbox 85 526 1061 609; baseline 0.005 -22"><span class='ocrx_word' id='word_1_24' title='bbox 85 529 180 605; x_wconf 89' lang='lat' dir='ltr'><strong>quiea</strong></span> <span class='ocrx_word' id='word_1_25' title='bbox 194 526 300 597; x_wconf 86' lang='grc'><strong>111111,</strong></span> <span class='ocrx_word' id='word_1_26' title='bbox 313 527 403 607; x_wconf 81' lang='lat' dir='ltr'><strong>pudet</strong></span> <span class='ocrx_word' id='word_1_27' title='bbox 416 530 466 588; x_wconf 83' lang='lat' dir='ltr'><strong>avit</strong></span> <span class='ocrx_word' id='word_1_28' title='bbox 474 528 610 606; x_wconf 87' lang='lat' dir='ltr'><strong>paenitet,</strong></span> <span class='ocrx_word' id='word_1_29' title='bbox 625 538 669 590; x_wconf 88' lang='lat' dir='ltr'><strong>set</strong></span> <span class='ocrx_word' id='word_1_30' title='bbox 682 528 820 591; x_wconf 85' lang='lat' dir='ltr'><strong>incedunt</strong></span> <span class='ocrx_word' id='word_1_31' title='bbox 828 548 882 609; x_wconf 90' lang='lat' dir='ltr'><strong>per</strong></span> <span class='ocrx_word' id='word_1_32' title='bbox 897 548 949 592; x_wconf 89' lang='lat' dir='ltr'><strong>ora</strong></span> <span class='ocrx_word' id='word_1_33' title='bbox 963 543 1061 592; x_wconf 88' lang='lat' dir='ltr'><strong>vostra</strong></span> 
     </span>
     <span class='ocr_line' id='line_1_5' title="bbox 84 609 1061 691; baseline 0.005 -21"><span class='ocrx_word' id='word_1_34' title='bbox 84 611 246 687; x_wconf 79' lang='lat' dir='ltr'><strong>magnifici,</strong></span> <span class='ocrx_word' id='word_1_35' title='bbox 274 610 435 672; x_wconf 87' lang='lat' dir='ltr'><strong>sacerdotia</strong></span> <span class='ocrx_word' id='word_1_36' title='bbox 458 610 487 670; x_wconf 80' lang='lat' dir='ltr'><strong>e&#39;t</strong></span> <span class='ocrx_word' id='word_1_37' title='bbox 509 609 688 683; x_wconf 82' lang='lat' dir='ltr'><strong>consolatus,</strong></span> <span class='ocrx_word' id='word_1_38' title='bbox 716 631 785 691; x_wconf 90' lang='lat' dir='ltr'><strong>pars</strong></span> <span class='ocrx_word' id='word_1_39' title='bbox 805 614 970 691; x_wconf 92' lang='lat' dir='ltr'><strong>triumphos</strong></span> <span class='ocrx_word' id='word_1_40' title='bbox 992 633 1061 676; x_wconf 91' lang='lat' dir='ltr'><strong>suos</strong></span> 
     </span>
     <span class='ocr_line' id='line_1_6' title="bbox 62 685 1060 774; baseline 0.005 -21"><span class='ocrx_word' id='word_1_41' title='bbox 62 693 415 771; x_wconf 75' lang='lat' dir='ltr'><strong>costentantestproinde</strong></span> <span class='ocrx_word' id='word_1_42' title='bbox 433 696 515 771; x_wconf 86' lang='lat' dir='ltr'><strong>quasi</strong></span> <span class='ocrx_word' id='word_1_43' title='bbox 531 712 564 754; x_wconf 86' lang='lat' dir='ltr'><strong>ea</strong></span> <span class='ocrx_word' id='word_1_44' title='bbox 578 685 692 764; x_wconf 89' lang='lat' dir='ltr'><strong>honori,</strong></span> <span class='ocrx_word' id='word_1_45' title='bbox 711 713 771 755; x_wconf 91' lang='lat' dir='ltr'><strong>non</strong></span> <span class='ocrx_word' id='word_1_46' title='bbox 786 697 910 774; x_wconf 82' lang='lat' dir='ltr'>praedas</span> <span class='ocrx_word' id='word_1_47' title='bbox 924 690 1060 758; x_wconf 77' lang='lat' dir='ltr'>habeant.</span> 
     </span>
    </p>
   </div>
   <div class='ocr_carea' id='block_1_3' title="bbox 53 774 1161 3512">
    <p class='ocr_par' dir='ltr' id='par_1_3' title="bbox 53 774 1161 3512">
     <span class='ocr_line' id='line_1_7' title="bbox 86 774 1103 859; baseline 0.005 -23"><span class='ocrx_word' id='word_1_48' title='bbox 86 776 167 836; x_wconf 90' lang='lat' dir='ltr'><strong>Servi</strong></span> <span class='ocrx_word' id='word_1_49' title='bbox 182 780 250 836; x_wconf 89' lang='lat' dir='ltr'><strong>aer&#39;e</strong></span> <span class='ocrx_word' id='word_1_50' title='bbox 264 777 358 853; x_wconf 82' lang='lat' dir='ltr'><strong>parati</strong></span> <span class='ocrx_word' id='word_1_51' title='bbox 369 776 472 835; x_wconf 91' lang='lat' dir='ltr'><strong>iniusta</strong></span> <span class='ocrx_word' id='word_1_52' title='bbox 479 777 601 854; x_wconf 87' lang='lat' dir='ltr'><strong>imperia</strong></span> <span class='ocrx_word' id='word_1_53' title='bbox 613 777 798 838; x_wconf 89' lang='lat' dir='ltr'><strong>dominorum</strong></span> <span class='ocrx_word' id='word_1_54' title='bbox 816 796 881 859; x_wconf 89' lang='lat' dir='ltr'><strong>non</strong></span> <span class='ocrx_word' id='word_1_55' title='bbox 890 774 1059 857; x_wconf 78' lang='lat' dir='ltr'><strong>perierunt·</strong></span> <span class='ocrx_word' id='word_1_56' title='bbox 1072 785 1103 834; x_wconf 86' lang='grc'><strong>11</strong></span> 
     </span>
     <span class='ocr_line' id='line_1_8' title="bbox 85 858 1061 938; baseline 0.005 -20"><span class='ocrx_word' id='word_1_57' title='bbox 85 876 150 928; x_wconf 89' lang='grc'><strong>111,</strong></span> <span class='ocrx_word' id='word_1_58' title='bbox 166 859 306 930; x_wconf 82' lang='lat' dir='ltr'><strong>Quirites,</strong></span> <span class='ocrx_word' id='word_1_59' title='bbox 316 859 348 919; x_wconf 93' lang='lat' dir='ltr'><strong>in</strong></span> <span class='ocrx_word' id='word_1_60' title='bbox 358 858 484 938; x_wconf 87' lang='lat' dir='ltr'><strong>irnperio</strong></span> <span class='ocrx_word' id='word_1_61' title='bbox 495 861 567 927; x_wconf 87' lang='lat' dir='ltr'><strong>nati,</strong></span> <span class='ocrx_word' id='word_1_62' title='bbox 586 877 679 938; x_wconf 90' lang='lat' dir='ltr'><strong>aequo</strong></span> <span class='ocrx_word' id='word_1_63' title='bbox 695 861 792 920; x_wconf 90' lang='lat' dir='ltr'><strong>animo</strong></span> <span class='ocrx_word' id='word_1_64' title='bbox 806 862 974 922; x_wconf 88' lang='lat' dir='ltr'><strong>servitutem</strong></span> <span class='ocrx_word' id='word_1_65' title='bbox 991 862 1061 923; x_wconf 93' lang='lat' dir='ltr'><strong>tole·</strong></span> 
     </span>
     <span class='ocr_line' id='line_1_9' title="bbox 85 940 173 1002; baseline 0.011 -2"><span class='ocrx_word' id='word_1_66' title='bbox 85 940 173 1002; x_wconf 74' lang='lat' dir='ltr'><strong>ratis?</strong></span> 
     </span>
     <span class='ocr_line' id='line_1_10' title="bbox 171 1013 1105 1105; baseline 0.001 -21"><span class='ocrx_word' id='word_1_67' title='bbox 171 1024 205 1085; x_wconf 83' lang='grc'><strong>111</strong></span> <span class='ocrx_word' id='word_1_68' title='bbox 218 1027 267 1105; x_wconf 87' lang='lat' dir='ltr'><strong>qui</strong></span> <span class='ocrx_word' id='word_1_69' title='bbox 282 1024 350 1086; x_wconf 83' lang='lat' dir='ltr'><strong>subt</strong></span> <span class='ocrx_word' id='word_1_70' title='bbox 366 1025 401 1099; x_wconf 85' lang='lat' dir='ltr'><strong>ei,</strong></span> <span class='ocrx_word' id='word_1_71' title='bbox 407 1026 456 1103; x_wconf 85' lang='lat' dir='ltr'><strong>qui</strong></span> <span class='ocrx_word' id='word_1_72' title='bbox 470 1043 533 1085; x_wconf 88' lang='lat' dir='ltr'><strong>rem</strong></span> <span class='ocrx_word' id='word_1_73' title='bbox 547 1024 695 1103; x_wconf 83' lang='lat' dir='ltr'>publicam</span> <span class='ocrx_word' id='word_1_74' title='bbox 704 1014 903 1105; x_wconf 73' lang='lat' dir='ltr'><strong>occupavere?</strong></span> <span class='ocrx_word' id='word_1_75' title='bbox 922 1013 1060 1089; x_wconf 81' lang='lat' dir='ltr'><strong>Homines</strong></span> <span class='ocrx_word' id='word_1_76' title='bbox 1073 1035 1105 1086; x_wconf 80' lang='lat'><strong>12</strong></span> 
     </span>
     <span class='ocr_line' id='line_1_11' title="bbox 53 1107 1061 1178; baseline 0.004 -10"><span class='ocrx_word' id='word_1_77' title='bbox 53 1109 318 1178; x_wconf 80' lang='lat' dir='ltr'><strong>rosceleratissur&#39;ni,</strong></span> <span class='ocrx_word' id='word_1_78' title='bbox 334 1109 461 1169; x_wconf 81' lang='lat' dir='ltr'><strong>cruentis</strong></span> <span class='ocrx_word' id='word_1_79' title='bbox 475 1107 626 1177; x_wconf 87' lang='lat' dir='ltr'><strong>manibus,</strong></span> <span class='ocrx_word' id='word_1_80' title='bbox 651 1110 761 1170; x_wconf 88' lang='lat' dir='ltr'><strong>inmani</strong></span> <span class='ocrx_word' id='word_1_81' title='bbox 774 1111 901 1178; x_wconf 91' lang='lat' dir='ltr'><strong>avaritia,</strong></span> <span class='ocrx_word' id='word_1_82' title='bbox 916 1114 1061 1173; x_wconf 88' lang='lat' dir='ltr'><strong>nocentis-</strong></span> 
     </span>
     <span class='ocr_line' id='line_1_12' title="bbox 86 1190 1062 1272; baseline 0.003 -20"><span class='ocrx_word' id='word_1_83' title='bbox 86 1195 160 1254; x_wconf 89' lang='lat' dir='ltr'><strong>sumi</strong></span> <span class='ocrx_word' id='word_1_84' title='bbox 174 1198 202 1254; x_wconf 90' lang='lat' dir='ltr'><strong>et</strong></span> <span class='ocrx_word' id='word_1_85' title='bbox 212 1193 306 1253; x_wconf 89' lang='lat' dir='ltr'><strong>eidem</strong></span> <span class='ocrx_word' id='word_1_86' title='bbox 320 1198 354 1251; x_wconf 83' lang='grc'><strong>11</strong></span> <span class='ocrx_word' id='word_1_87' title='bbox 377 1190 545 1259; x_wconf 86' lang='lat' dir='ltr'><strong>erbissumi,</strong></span> <span class='ocrx_word' id='word_1_88' title='bbox 568 1192 674 1269; x_wconf 90' lang='lat' dir='ltr'><strong>quibus</strong></span> <span class='ocrx_word' id='word_1_89' title='bbox 688 1192 760 1254; x_wconf 83' lang='lat' dir='ltr'><strong>fides</strong></span> <span class='ocrx_word' id='word_1_90' title='bbox 772 1194 861 1254; x_wconf 90' lang='lat' dir='ltr'><strong>decus</strong></span> <span class='ocrx_word' id='word_1_91' title='bbox 876 1195 1062 1272; x_wconf 88' lang='lat' dir='ltr'><strong>pietas,post·</strong></span> 
     </span>
     <span class='ocr_line' id='line_1_13' title="bbox 86 1209 1106 1354; baseline -0.002 -19"><span class='ocrx_word' id='word_1_92' title='bbox 86 1294 168 1337; x_wconf 91' lang='lat' dir='ltr'><strong>remo</strong></span> <span class='ocrx_word' id='word_1_93' title='bbox 189 1275 312 1336; x_wconf 86' lang='lat' dir='ltr'><strong>honesta</strong></span> <span class='ocrx_word' id='word_1_94' title='bbox 334 1209 420 1351; x_wconf 54' lang='lat' dir='ltr'><strong>agpue</strong></span> <span class='ocrx_word' id='word_1_95' title='bbox 439 1273 591 1334; x_wconf 87' lang='lat' dir='ltr'><strong>inhonesta</strong></span> <span class='ocrx_word' id='word_1_96' title='bbox 608 1276 705 1336; x_wconf 87' lang='lat' dir='ltr'><strong>omnia</strong></span> <span class='ocrx_word' id='word_1_97' title='bbox 720 1278 853 1354; x_wconf 85' lang='lat' dir='ltr'><strong>quaestui</strong></span> <span class='ocrx_word' id='word_1_98' title='bbox 872 1284 949 1337; x_wconf 87' lang='lat' dir='ltr'><strong>sunt.</strong></span> <span class='ocrx_word' id='word_1_99' title='bbox 991 1278 1106 1339; x_wconf 77' lang='lat' dir='ltr'><strong>Parsia</strong></span> 
     </span>
     <span class='ocr_line' id='line_1_14' title="bbox 87 1352 1061 1437; baseline 0.002 -19"><span class='ocrx_word' id='word_1_100' title='bbox 87 1360 190 1418; x_wconf 78' lang='lat' dir='ltr'><strong>eornm</strong></span> <span class='ocrx_word' id='word_1_101' title='bbox 211 1356 352 1419; x_wconf 84' lang='lat' dir='ltr'><strong>occidisse</strong></span> <span class='ocrx_word' id='word_1_102' title='bbox 372 1352 506 1416; x_wconf 81' lang='lat' dir='ltr'><strong>tribunos</strong></span> <span class='ocrx_word' id='word_1_103' title='bbox 523 1356 634 1433; x_wconf 89' lang='lat' dir='ltr'><strong>plebei,</strong></span> <span class='ocrx_word' id='word_1_104' title='bbox 658 1357 705 1418; x_wconf 92' lang='lat' dir='ltr'><strong>alii</strong></span> <span class='ocrx_word' id='word_1_105' title='bbox 727 1361 917 1437; x_wconf 86' lang='lat' dir='ltr'><strong>quaestiones¹</strong></span> <span class='ocrx_word' id='word_1_106' title='bbox 933 1361 1061 1430; x_wconf 82' lang='lat' dir='ltr'><strong>iniustas,</strong></span> 
     </span>
     <span class='ocr_line' id='line_1_15' title="bbox 86 1438 1105 1520; baseline 0 -19"><span class='ocrx_word' id='word_1_107' title='bbox 86 1440 219 1520; x_wconf 86' lang='lat' dir='ltr'><strong>plerique</strong></span> <span class='ocrx_word' id='word_1_108' title='bbox 238 1440 357 1502; x_wconf 76' lang='lat' dir='ltr'><strong>caedent</strong></span> <span class='ocrx_word' id='word_1_109' title='bbox 371 1440 402 1499; x_wconf 93' lang='lat' dir='ltr'><strong>in</strong></span> <span class='ocrx_word' id='word_1_110' title='bbox 416 1455 467 1498; x_wconf 90' lang='lat' dir='ltr'><strong>vos</strong></span> <span class='ocrx_word' id='word_1_111' title='bbox 485 1438 589 1500; x_wconf 84' lang='lat' dir='ltr'><strong>iecisse</strong></span> <span class='ocrx_word' id='word_1_112' title='bbox 603 1457 658 1517; x_wconf 92' lang='lat' dir='ltr'><strong>pro</strong></span> <span class='ocrx_word' id='word_1_113' title='bbox 671 1444 852 1502; x_wconf 90' lang='lat' dir='ltr'><strong>munimento</strong></span> <span class='ocrx_word' id='word_1_114' title='bbox 870 1441 988 1503; x_wconf 88' lang='lat' dir='ltr'><strong>babent.</strong></span> <span class='ocrx_word' id='word_1_115' title='bbox 1020 1444 1105 1502; x_wconf 85' lang='grc'><strong>11111</strong></span> 
     </span>
     <span class='ocr_line' id='line_1_16' title="bbox 53 1521 1062 1605; baseline 0.004 -25"><span class='ocrx_word' id='word_1_116' title='bbox 53 1541 77 1582; x_wconf 79' lang='lat' dir='ltr'><strong>n</strong></span> <span class='ocrx_word' id='word_1_117' title='bbox 87 1543 174 1605; x_wconf 87' lang='lat' dir='ltr'><strong>quam</strong></span> <span class='ocrx_word' id='word_1_118' title='bbox 188 1524 311 1605; x_wconf 85' lang='lat' dir='ltr'><strong>quisque</strong></span> <span class='ocrx_word' id='word_1_119' title='bbox 323 1524 459 1601; x_wconf 85' lang='lat' dir='ltr'><strong>pessume</strong></span> <span class='ocrx_word' id='word_1_120' title='bbox 473 1521 551 1592; x_wconf 91' lang='lat' dir='ltr'><strong>lecit,</strong></span> <span class='ocrx_word' id='word_1_121' title='bbox 562 1529 622 1583; x_wconf 88' lang='lat' dir='ltr'><strong>tam</strong></span> <span class='ocrx_word' id='word_1_122' title='bbox 634 1541 769 1584; x_wconf 83' lang='lat' dir='ltr'><strong>maxume</strong></span> <span class='ocrx_word' id='word_1_123' title='bbox 782 1531 861 1585; x_wconf 90' lang='lat' dir='ltr'><strong>tutus</strong></span> <span class='ocrx_word' id='word_1_124' title='bbox 879 1531 938 1585; x_wconf 84' lang='lat' dir='ltr'><strong>est:</strong></span> <span class='ocrx_word' id='word_1_125' title='bbox 953 1532 1062 1585; x_wconf 88' lang='lat' dir='ltr'><strong>metum</strong></span> 
     </span>
     <span class='ocr_line' id='line_1_17' title="bbox 86 1606 1063 1687; baseline -0.001 -18"><span class='ocrx_word' id='word_1_126' title='bbox 86 1608 123 1669; x_wconf 91' lang='lat' dir='ltr'><strong>ab</strong></span> <span class='ocrx_word' id='word_1_127' title='bbox 137 1607 314 1669; x_wconf 88' lang='grc'><strong>1111111111</strong></span> <span class='ocrx_word' id='word_1_128' title='bbox 330 1606 367 1666; x_wconf 90' lang='lat' dir='ltr'><strong>ad</strong></span> <span class='ocrx_word' id='word_1_129' title='bbox 383 1606 525 1683; x_wconf 81' lang='lat' dir='ltr'><strong>ignaviam</strong></span> <span class='ocrx_word' id='word_1_130' title='bbox 539 1613 667 1667; x_wconf 79' lang='lat' dir='ltr'><strong>vostram</strong></span> <span class='ocrx_word' id='word_1_131' title='bbox 681 1608 872 1669; x_wconf 85' lang='lat' dir='ltr'><strong>transtulere:</strong></span> <span class='ocrx_word' id='word_1_132' title='bbox 885 1626 958 1687; x_wconf 88' lang='lat' dir='ltr'><strong>quos</strong></span> <span class='ocrx_word' id='word_1_133' title='bbox 969 1611 1063 1668; x_wconf 88' lang='lat' dir='ltr'><strong>omnis</strong></span> 
     </span>
     <span class='ocr_line' id='line_1_18' title="bbox 87 1682 1062 1771; baseline -0.001 -19"><span class='ocrx_word' id='word_1_134' title='bbox 87 1692 189 1752; x_wconf 90' lang='lat' dir='ltr'><strong>eadem</strong></span> <span class='ocrx_word' id='word_1_135' title='bbox 216 1707 340 1768; x_wconf 89' lang='lat' dir='ltr'><strong>cupere,</strong></span> <span class='ocrx_word' id='word_1_136' title='bbox 363 1689 465 1750; x_wconf 92' lang='lat' dir='ltr'><strong>eadem</strong></span> <span class='ocrx_word' id='word_1_137' title='bbox 494 1682 589 1750; x_wconf 86' lang='lat' dir='ltr'><strong>odisse</strong></span> <span class='ocrx_word' id='word_1_138' title='bbox 611 1689 728 1771; x_wconf 85' lang='lat' dir='ltr'><strong>[eadem</strong></span> <span class='ocrx_word' id='word_1_139' title='bbox 754 1688 900 1771; x_wconf 90' lang='lat' dir='ltr'><strong>metuere]</strong></span> <span class='ocrx_word' id='word_1_140' title='bbox 922 1692 952 1750; x_wconf 93' lang='lat' dir='ltr'><strong>in</strong></span> <span class='ocrx_word' id='word_1_141' title='bbox 971 1709 1062 1751; x_wconf 90' lang='lat' dir='ltr'><strong>unum</strong></span> 
     </span>
     <span class='ocr_line' id='line_1_19' title="bbox 88 1771 1106 1850; baseline -0.001 -16"><span class='ocrx_word' id='word_1_142' title='bbox 88 1773 191 1850; x_wconf 78' lang='lat' dir='ltr'><strong>coegit.</strong></span> <span class='ocrx_word' id='word_1_143' title='bbox 214 1772 264 1833; x_wconf 92' lang='lat' dir='ltr'><strong>Set</strong></span> <span class='ocrx_word' id='word_1_144' title='bbox 278 1772 350 1833; x_wconf 82' lang='lat' dir='ltr'><strong>baec</strong></span> <span class='ocrx_word' id='word_1_145' title='bbox 364 1774 440 1833; x_wconf 85' lang='lat' dir='ltr'><strong>in&#39;ter</strong></span> <span class='ocrx_word' id='word_1_146' title='bbox 454 1771 548 1832; x_wconf 92' lang='lat' dir='ltr'><strong>bonos</strong></span> <span class='ocrx_word' id='word_1_147' title='bbox 565 1775 697 1842; x_wconf 88' lang='lat' dir='ltr'><strong>amicitia,</strong></span> <span class='ocrx_word' id='word_1_148' title='bbox 714 1775 790 1835; x_wconf 92' lang='lat' dir='ltr'><strong>inter</strong></span> <span class='ocrx_word' id='word_1_149' title='bbox 800 1772 892 1834; x_wconf 88' lang='lat' dir='ltr'><strong>malos</strong></span> <span class='ocrx_word' id='word_1_150' title='bbox 910 1774 995 1834; x_wconf 82' lang='lat' dir='ltr'><strong>factio</strong></span> <span class='ocrx_word' id='word_1_151' title='bbox 1008 1782 1059 1834; x_wconf 88' lang='lat' dir='ltr'><strong>est.</strong></span> <span class='ocrx_word' id='word_1_152' title='bbox 1075 1783 1106 1833; x_wconf 83' lang='lat'><strong>15</strong></span> 
     </span>
     <span class='ocr_line' id='line_1_20' title="bbox 89 1852 1108 1934; baseline -0.001 -18"><span class='ocrx_word' id='word_1_153' title='bbox 89 1856 174 1929; x_wconf 85' lang='lat' dir='ltr'><strong>Quod</strong></span> <span class='ocrx_word' id='word_1_154' title='bbox 201 1857 226 1916; x_wconf 92' lang='lat' dir='ltr'><strong>si</strong></span> <span class='ocrx_word' id='word_1_155' title='bbox 247 1861 305 1915; x_wconf 90' lang='lat' dir='ltr'><strong>tarn</strong></span> <span class='ocrx_word' id='word_1_156' title='bbox 325 1872 376 1914; x_wconf 88' lang='lat' dir='ltr'><strong>vos</strong></span> <span class='ocrx_word' id='word_1_157' title='bbox 392 1852 536 1916; x_wconf 74' lang='lat' dir='ltr'><strong>libertatis</strong></span> <span class='ocrx_word' id='word_1_158' title='bbox 558 1872 659 1916; x_wconf 90' lang='lat' dir='ltr'><strong>curam</strong></span> <span class='ocrx_word' id='word_1_159' title='bbox 678 1855 834 1924; x_wconf 87' lang='lat' dir='ltr'><strong>haberetis,</strong></span> <span class='ocrx_word' id='word_1_160' title='bbox 860 1874 947 1934; x_wconf 85' lang='lat' dir='ltr'><strong>quam</strong></span> <span class='ocrx_word' id='word_1_161' title='bbox 968 1856 1009 1916; x_wconf 94' lang='lat' dir='ltr'><strong>illi</strong></span> <span class='ocrx_word' id='word_1_162' title='bbox 1027 1858 1063 1917; x_wconf 94' lang='lat' dir='ltr'><strong>ad</strong></span> <span class='ocrx_word' id='word_1_163' title='bbox 1075 1865 1108 1916; x_wconf 80' lang='grc'><strong>11</strong></span> 
     </span>
     <span class='ocr_line' id='line_1_21' title="bbox 54 1936 1063 2016; baseline -0.003 -14"><span class='ocrx_word' id='word_1_164' title='bbox 54 1936 316 2002; x_wconf 74' lang='lat' dir='ltr'><strong>edominationein</strong></span> <span class='ocrx_word' id='word_1_165' title='bbox 339 1937 456 1999; x_wconf 87' lang='lat' dir='ltr'><strong>adcensi</strong></span> <span class='ocrx_word' id='word_1_166' title='bbox 477 1944 560 2006; x_wconf 92' lang='lat' dir='ltr'><strong>sunt,</strong></span> <span class='ocrx_word' id='word_1_167' title='bbox 590 1936 722 2013; x_wconf 88' lang='lat' dir='ltr'><strong>prolecto</strong></span> <span class='ocrx_word' id='word_1_168' title='bbox 744 1955 841 2016; x_wconf 91' lang='lat' dir='ltr'><strong>neque</strong></span> <span class='ocrx_word' id='word_1_169' title='bbox 866 1956 915 1998; x_wconf 92' lang='lat' dir='ltr'><strong>res</strong></span> <span class='ocrx_word' id='word_1_170' title='bbox 937 1937 1063 2016; x_wconf 89' lang='lat' dir='ltr'><strong>publica,</strong></span> 
     </span>
     <span class='ocr_line' id='line_1_22' title="bbox 88 2016 1063 2099; baseline -0.001 -17"><span class='ocrx_word' id='word_1_171' title='bbox 88 2023 173 2083; x_wconf 91' lang='lat' dir='ltr'><strong>sicuti</strong></span> <span class='ocrx_word' id='word_1_172' title='bbox 195 2039 281 2092; x_wconf 90' lang='lat' dir='ltr'><strong>nnnc,</strong></span> <span class='ocrx_word' id='word_1_173' title='bbox 304 2027 474 2090; x_wconf 79' lang='lat' dir='ltr'><strong>vastaretur,</strong></span> <span class='ocrx_word' id='word_1_174' title='bbox 495 2026 524 2080; x_wconf 93' lang='lat' dir='ltr'><strong>et</strong></span> <span class='ocrx_word' id='word_1_175' title='bbox 545 2016 678 2081; x_wconf 83' lang='lat' dir='ltr'><strong>benificia</strong></span> <span class='ocrx_word' id='word_1_176' title='bbox 694 2027 791 2080; x_wconf 87' lang='lat' dir='ltr'><strong>vostra</strong></span> <span class='ocrx_word' id='word_1_177' title='bbox 806 2038 897 2099; x_wconf 88' lang='lat' dir='ltr'><strong>penes</strong></span> <span class='ocrx_word' id='word_1_178' title='bbox 918 2027 1063 2098; x_wconf 91' lang='lat' dir='ltr'><strong>optumos,</strong></span> 
     </span>
     <span class='ocr_line' id='line_1_23' title="bbox 88 2094 1106 2181; baseline -0.001 -16"><span class='ocrx_word' id='word_1_179' title='bbox 88 2123 148 2165; x_wconf 92' lang='lat' dir='ltr'><strong>non</strong></span> <span class='ocrx_word' id='word_1_180' title='bbox 169 2106 387 2167; x_wconf 82' lang='lat' dir='ltr'><strong>audacissumos</strong></span> <span class='ocrx_word' id='word_1_181' title='bbox 408 2104 513 2165; x_wconf 87' lang='lat' dir='ltr'><strong>lorent.</strong></span> <span class='ocrx_word' id='word_1_182' title='bbox 555 2094 680 2164; x_wconf 81' lang='lat' dir='ltr'><strong>Maiores</strong></span> <span class='ocrx_word' id='word_1_183' title='bbox 700 2106 789 2164; x_wconf 90' lang='lat' dir='ltr'><strong>vostri</strong></span> <span class='ocrx_word' id='word_1_184' title='bbox 808 2104 931 2181; x_wconf 88' lang='lat' dir='ltr'><strong>parandi</strong></span> <span class='ocrx_word' id='word_1_185' title='bbox 951 2106 1022 2164; x_wconf 83' lang='lat' dir='ltr'><strong>iuris</strong></span> <span class='ocrx_word' id='word_1_186' title='bbox 1036 2115 1106 2165; x_wconf 81' lang='lat' dir='ltr'><strong>etlv</strong></span> 
     </span>
     <span class='ocr_line' id='line_1_24' title="bbox 87 2186 1064 2271; baseline 0 -23"><span class='ocrx_word' id='word_1_187' title='bbox 87 2188 243 2249; x_wconf 84' lang='lat' dir='ltr'><strong>maiestatis</strong></span> <span class='ocrx_word' id='word_1_188' title='bbox 263 2187 480 2249; x_wconf 87' lang='lat' dir='ltr'><strong>constituendae</strong></span> <span class='ocrx_word' id='word_1_189' title='bbox 502 2188 594 2263; x_wconf 83' lang='lat' dir='ltr'><strong>gratia</strong></span> <span class='ocrx_word' id='word_1_190' title='bbox 614 2186 660 2271; x_wconf 87' lang='lat' dir='ltr'><strong>bis</strong></span> <span class='ocrx_word' id='word_1_191' title='bbox 678 2204 732 2265; x_wconf 89' lang='lat' dir='ltr'><strong>per</strong></span> <span class='ocrx_word' id='word_1_192' title='bbox 746 2188 941 2249; x_wconf 90' lang='lat' dir='ltr'><strong>secessionem</strong></span> <span class='ocrx_word' id='word_1_193' title='bbox 962 2191 1064 2248; x_wconf 88' lang='lat' dir='ltr'><strong>armati</strong></span> 
     </span>
     <span class='ocr_line' id='line_1_25' title="bbox 87 2268 1064 2348; baseline 0 -18"><span class='ocrx_word' id='word_1_194' title='bbox 87 2272 260 2331; x_wconf 79' lang='lat' dir='ltr'><strong>Aventinum</strong></span> <span class='ocrx_word' id='word_1_195' title='bbox 275 2288 464 2348; x_wconf 88' lang='lat' dir='ltr'><strong>occupavere,</strong></span> <span class='ocrx_word' id='word_1_196' title='bbox 481 2286 532 2329; x_wconf 91' lang='lat' dir='ltr'><strong>vos</strong></span> <span class='ocrx_word' id='word_1_197' title='bbox 545 2287 600 2347; x_wconf 89' lang='lat' dir='ltr'><strong>pro</strong></span> <span class='ocrx_word' id='word_1_198' title='bbox 614 2268 762 2339; x_wconf 88' lang='lat' dir='ltr'><strong>libertate,</strong></span> <span class='ocrx_word' id='word_1_199' title='bbox 785 2274 872 2347; x_wconf 87' lang='lat' dir='ltr'><strong>quarn</strong></span> <span class='ocrx_word' id='word_1_200' title='bbox 893 2269 929 2329; x_wconf 91' lang='lat' dir='ltr'><strong>ab</strong></span> <span class='ocrx_word' id='word_1_201' title='bbox 948 2268 1002 2329; x_wconf 89' lang='lat' dir='ltr'><strong>illis</strong></span> <span class='ocrx_word' id='word_1_202' title='bbox 1017 2289 1064 2331; x_wconf 91' lang='lat' dir='ltr'><strong>ac-</strong></span> 
     </span>
     <span class='ocr_line' id='line_1_26' title="bbox 55 2342 1065 2430; baseline -0.004 -14"><span class='ocrx_word' id='word_1_203' title='bbox 55 2355 221 2430; x_wconf 78' lang='lat' dir='ltr'><strong>accepistis,</strong></span> <span class='ocrx_word' id='word_1_204' title='bbox 241 2370 339 2414; x_wconf 89' lang='lat' dir='ltr'><strong>nonne</strong></span> <span class='ocrx_word' id='word_1_205' title='bbox 362 2370 475 2412; x_wconf 89' lang='lat' dir='ltr'><strong>summa</strong></span> <span class='ocrx_word' id='word_1_206' title='bbox 492 2369 548 2428; x_wconf 90' lang='lat' dir='ltr'><strong>ope</strong></span> <span class='ocrx_word' id='word_1_207' title='bbox 568 2342 719 2412; x_wconf 73' lang='lat' dir='ltr'><strong>nitemini?</strong></span> <span class='ocrx_word' id='word_1_208' title='bbox 741 2358 828 2429; x_wconf 83' lang='lat' dir='ltr'><strong>atque</strong></span> <span class='ocrx_word' id='word_1_209' title='bbox 850 2368 885 2410; x_wconf 91' lang='lat' dir='ltr'><strong>eo</strong></span> <span class='ocrx_word' id='word_1_210' title='bbox 907 2346 1065 2412; x_wconf 90' lang='lat' dir='ltr'><strong>vehemen-</strong></span> 
     </span>
     <span class='ocr_line' id='line_1_27' title="bbox 89 2434 1065 2514; baseline -0.001 -19"><span class='ocrx_word' id='word_1_211' title='bbox 89 2438 155 2505; x_wconf 89' lang='lat' dir='ltr'><strong>tius,</strong></span> <span class='ocrx_word' id='word_1_212' title='bbox 179 2454 237 2514; x_wconf 91' lang='lat' dir='ltr'><strong>quo</strong></span> <span class='ocrx_word' id='word_1_213' title='bbox 258 2436 351 2496; x_wconf 86' lang='lat' dir='ltr'><strong>maius</strong></span> <span class='ocrx_word' id='word_1_214' title='bbox 370 2434 497 2494; x_wconf 80' lang='lat' dir='ltr'><strong>dedecus</strong></span> <span class='ocrx_word' id='word_1_215' title='bbox 516 2441 559 2493; x_wconf 88' lang='lat' dir='ltr'><strong>est</strong></span> <span class='ocrx_word' id='word_1_216' title='bbox 578 2440 662 2511; x_wconf 90' lang='lat' dir='ltr'><strong>parta</strong></span> <span class='ocrx_word' id='word_1_217' title='bbox 683 2434 824 2502; x_wconf 90' lang='lat' dir='ltr'><strong>amittere,</strong></span> <span class='ocrx_word' id='word_1_218' title='bbox 843 2450 931 2510; x_wconf 88' lang='lat' dir='ltr'><strong>quarn</strong></span> <span class='ocrx_word' id='word_1_219' title='bbox 946 2435 1065 2494; x_wconf 89' lang='lat' dir='ltr'><strong>omnino</strong></span> 
     </span>
     <span class='ocr_line' id='line_1_28' title="bbox 89 2514 327 2596; baseline -0.004 -18"><span class='ocrx_word' id='word_1_220' title='bbox 89 2537 149 2579; x_wconf 91' lang='lat' dir='ltr'><strong>non</strong></span> <span class='ocrx_word' id='word_1_221' title='bbox 171 2514 327 2596; x_wconf 90' lang='lat' dir='ltr'><strong>paravisse.</strong></span> 
     </span>
     <span class='ocr_line' id='line_1_29' title="bbox 173 2596 1110 2683; baseline -0.004 -20"><span class='ocrx_word' id='word_1_222' title='bbox 173 2600 256 2663; x_wconf 85' lang='lat' dir='ltr'><strong>Dicet</strong></span> <span class='ocrx_word' id='word_1_223' title='bbox 266 2600 385 2683; x_wconf 88' lang='lat' dir='ltr'><strong>aliquis:</strong></span> <span class='ocrx_word' id='word_1_224' title='bbox 400 2599 476 2672; x_wconf 82' lang='lat' dir='ltr'><strong>Quid</strong></span> <span class='ocrx_word' id='word_1_225' title='bbox 492 2600 579 2677; x_wconf 84' lang='lat' dir='ltr'><strong>igitur</strong></span> <span class='ocrx_word' id='word_1_226' title='bbox 596 2596 946 2677; x_wconf 19' lang='lat' dir='ltr'><strong>censestfvindicandnm</strong></span> <span class='ocrx_word' id='word_1_227' title='bbox 960 2600 990 2659; x_wconf 91' lang='lat' dir='ltr'><strong>in</strong></span> <span class='ocrx_word' id='word_1_228' title='bbox 1004 2617 1063 2670; x_wconf 93' lang='grc'><strong>111,</strong></span> <span class='ocrx_word' id='word_1_229' title='bbox 1075 2615 1110 2666; x_wconf 80' lang='grc'><strong>11</strong></span> 
     </span>
     <span class='ocr_line' id='line_1_30' title="bbox 90 2678 1065 2764; baseline -0.003 -19"><span class='ocrx_word' id='word_1_230' title='bbox 90 2688 139 2764; x_wconf 92' lang='lat' dir='ltr'><strong>qui</strong></span> <span class='ocrx_word' id='word_1_231' title='bbox 154 2682 232 2745; x_wconf 87' lang='lat' dir='ltr'><strong>besti</strong></span> <span class='ocrx_word' id='word_1_232' title='bbox 246 2683 403 2763; x_wconf 87' lang='lat' dir='ltr'><strong>prodidere</strong></span> <span class='ocrx_word' id='word_1_233' title='bbox 424 2701 487 2744; x_wconf 89' lang='lat' dir='ltr'><strong>rern</strong></span> <span class='ocrx_word' id='word_1_234' title='bbox 508 2680 676 2761; x_wconf 87' lang='lat' dir='ltr'><strong>publicami</strong></span> <span class='ocrx_word' id='word_1_235' title='bbox 715 2678 784 2742; x_wconf 71' lang='lat' dir='ltr'><strong>&#39;Non</strong></span> <span class='ocrx_word' id='word_1_236' title='bbox 801 2699 891 2741; x_wconf 90' lang='lat' dir='ltr'><strong>mann</strong></span> <span class='ocrx_word' id='word_1_237' title='bbox 910 2698 1007 2760; x_wconf 81' lang='lat' dir='ltr'><strong>neque</strong></span> <span class='ocrx_word' id='word_1_238' title='bbox 1028 2685 1065 2750; x_wconf 90' lang='lat' dir='ltr'><strong>vi,</strong></span> 
     </span>
     <span class='ocr_line' id='line_1_31' title="bbox 55 2762 1066 2848; baseline -0.006 -19"><span class='ocrx_word' id='word_1_239' title='bbox 55 2768 169 2848; x_wconf 82' lang='lat' dir='ltr'><strong>eoquod</strong></span> <span class='ocrx_word' id='word_1_240' title='bbox 190 2769 282 2844; x_wconf 84' lang='lat' dir='ltr'><strong>magis</strong></span> <span class='ocrx_word' id='word_1_241' title='bbox 315 2767 493 2843; x_wconf 81' lang='grc'><strong>1111111111</strong></span> <span class='ocrx_word' id='word_1_242' title='bbox 523 2784 610 2845; x_wconf 91' lang='lat' dir='ltr'><strong>quam</strong></span> <span class='ocrx_word' id='word_1_243' title='bbox 624 2763 680 2824; x_wconf 89' lang='lat' dir='ltr'><strong>illis</strong></span> <span class='ocrx_word' id='word_1_244' title='bbox 694 2762 833 2824; x_wconf 88' lang='lat' dir='ltr'><strong>accidisse</strong></span> <span class='ocrx_word' id='word_1_245' title='bbox 849 2763 999 2840; x_wconf 84' lang='lat' dir='ltr'><strong>indignum</strong></span> <span class='ocrx_word' id='word_1_246' title='bbox 1014 2771 1066 2833; x_wconf 91' lang='lat' dir='ltr'><strong>est,</strong></span> 
     </span>
     <span class='ocr_line' id='line_1_32' title="bbox 90 2844 1113 2929; baseline -0.004 -17"><span class='ocrx_word' id='word_1_247' title='bbox 90 2869 192 2912; x_wconf 88' lang='lat' dir='ltr'><strong>verum</strong></span> <span class='ocrx_word' id='word_1_248' title='bbox 215 2849 431 2929; x_wconf 84' lang='lat' dir='ltr'><strong>quaestionibus</strong></span> <span class='ocrx_word' id='word_1_249' title='bbox 458 2856 487 2909; x_wconf 90' lang='lat' dir='ltr'><strong>et</strong></span> <span class='ocrx_word' id='word_1_250' title='bbox 514 2849 619 2910; x_wconf 87' lang='lat' dir='ltr'><strong>indicio</strong></span> <span class='ocrx_word' id='word_1_251' title='bbox 647 2848 738 2925; x_wconf 88' lang='lat' dir='ltr'><strong>ipsius</strong></span> <span class='ocrx_word' id='word_1_252' title='bbox 757 2844 924 2923; x_wconf 75' lang='lat' dir='ltr'><strong>iugurthae.</strong></span> <span class='ocrx_word' id='word_1_253' title='bbox 969 2847 1113 2918; x_wconf 79' lang='grc'><strong>0111111</strong></span> 
     </span>
     <span class='ocr_line' id='line_1_33' title="bbox 91 2930 1067 3011; baseline -0.006 -16"><span class='ocrx_word' id='word_1_254' title='bbox 91 2934 241 2996; x_wconf 90' lang='lat' dir='ltr'><strong>dediticius</strong></span> <span class='ocrx_word' id='word_1_255' title='bbox 263 2939 321 3002; x_wconf 89' lang='lat' dir='ltr'><strong>est,</strong></span> <span class='ocrx_word' id='word_1_256' title='bbox 343 2932 477 3011; x_wconf 88' lang='lat' dir='ltr'><strong>prolecto</strong></span> <span class='ocrx_word' id='word_1_257' title='bbox 491 2933 575 2993; x_wconf 89' lang='lat' dir='ltr'><strong>iussis</strong></span> <span class='ocrx_word' id='word_1_258' title='bbox 589 2931 694 2992; x_wconf 88' lang='lat' dir='ltr'><strong>vostris</strong></span> <span class='ocrx_word' id='word_1_259' title='bbox 713 2930 871 2992; x_wconf 90' lang='lat' dir='ltr'><strong>oboediens</strong></span> <span class='ocrx_word' id='word_1_260' title='bbox 886 2930 950 2998; x_wconf 90' lang='lat' dir='ltr'><strong>erit,</strong></span> <span class='ocrx_word' id='word_1_261' title='bbox 973 2931 1017 2989; x_wconf 91' lang='lat' dir='ltr'><strong>sin</strong></span> <span class='ocrx_word' id='word_1_262' title='bbox 1033 2948 1067 2991; x_wconf 90' lang='lat' dir='ltr'><strong>ea</strong></span> 
     </span>
     <span class='ocr_line' id='line_1_34' title="bbox 93 3011 1161 3091; baseline -0.007 -13"><span class='ocrx_word' id='word_1_263' title='bbox 93 3023 268 3085; x_wconf 90' lang='lat' dir='ltr'><strong>contemnet,</strong></span> <span class='ocrx_word' id='word_1_264' title='bbox 290 3014 400 3077; x_wconf 89' lang='lat' dir='ltr'><strong>scilicet</strong></span> <span class='ocrx_word' id='word_1_265' title='bbox 415 3014 632 3084; x_wconf 83' lang='lat' dir='ltr'><strong>existumabitis,</strong></span> <span class='ocrx_word' id='word_1_266' title='bbox 654 3013 747 3091; x_wconf 88' lang='lat' dir='ltr'><strong>qualis</strong></span> <span class='ocrx_word' id='word_1_267' title='bbox 760 3011 807 3072; x_wconf 91' lang='lat' dir='ltr'><strong>illa</strong></span> <span class='ocrx_word' id='word_1_268' title='bbox 819 3030 877 3090; x_wconf 85' lang='lat' dir='ltr'><strong>pax</strong></span> <span class='ocrx_word' id='word_1_269' title='bbox 892 3019 941 3071; x_wconf 93' lang='lat' dir='ltr'><strong>aut</strong></span> <span class='ocrx_word' id='word_1_270' title='bbox 961 3011 1067 3072; x_wconf 90' lang='lat' dir='ltr'><strong>deditio</strong></span> <span class='ocrx_word' id='word_1_271' title='bbox 1157 3043 1161 3052; x_wconf 93' lang='lat'>·</span> 
     </span>
     <span class='ocr_line' id='line_1_35' title="bbox 92 3094 1069 3177; baseline -0.007 -17"><span class='ocrx_word' id='word_1_272' title='bbox 92 3103 142 3171; x_wconf 90' lang='lat' dir='ltr'><strong>sit,</strong></span> <span class='ocrx_word' id='word_1_273' title='bbox 165 3119 200 3160; x_wconf 83' lang='lat' dir='ltr'><strong>ex</strong></span> <span class='ocrx_word' id='word_1_274' title='bbox 224 3117 281 3177; x_wconf 88' lang='lat' dir='ltr'><strong>qua</strong></span> <span class='ocrx_word' id='word_1_275' title='bbox 302 3096 339 3159; x_wconf 90' lang='lat' dir='ltr'><strong>ad</strong></span> <span class='ocrx_word' id='word_1_276' title='bbox 360 3094 531 3174; x_wconf 79' lang='lat' dir='ltr'><strong>bigurtbaln</strong></span> <span class='ocrx_word' id='word_1_277' title='bbox 551 3096 696 3157; x_wconf 88' lang='lat' dir='ltr'><strong>scelerum</strong></span> <span class='ocrx_word' id='word_1_278' title='bbox 717 3094 878 3172; x_wconf 90' lang='lat' dir='ltr'><strong>inpunitas,</strong></span> <span class='ocrx_word' id='word_1_279' title='bbox 901 3094 938 3154; x_wconf 92' lang='lat' dir='ltr'><strong>ad</strong></span> <span class='ocrx_word' id='word_1_280' title='bbox 959 3112 1069 3172; x_wconf 90' lang='lat' dir='ltr'><strong>paucos</strong></span> 
     </span>
     <span class='ocr_line' id='line_1_36' title="bbox 56 3177 1068 3262; baseline -0.009 -17"><span class='ocrx_word' id='word_1_281' title='bbox 56 3183 217 3262; x_wconf 74' lang='lat' dir='ltr'><strong>repetentis</strong></span> <span class='ocrx_word' id='word_1_282' title='bbox 239 3192 393 3243; x_wconf 79' lang='lat' dir='ltr'><strong>maxumae</strong></span> <span class='ocrx_word' id='word_1_283' title='bbox 412 3180 541 3249; x_wconf 83' lang='lat' dir='ltr'><strong>divitiae,</strong></span> <span class='ocrx_word' id='word_1_284' title='bbox 564 3180 599 3240; x_wconf 92' lang='lat' dir='ltr'><strong>ad</strong></span> <span class='ocrx_word' id='word_1_285' title='bbox 614 3177 839 3257; x_wconf 89' lang='lat' dir='ltr'><strong>rempublicam</strong></span> <span class='ocrx_word' id='word_1_286' title='bbox 854 3178 960 3237; x_wconf 91' lang='lat' dir='ltr'><strong>damna</strong></span> <span class='ocrx_word' id='word_1_287' title='bbox 981 3183 1068 3255; x_wconf 91' lang='lat' dir='ltr'><strong>atque</strong></span> 
     </span>
     <span class='ocr_line' id='line_1_37' title="bbox 93 3258 1112 3345; baseline -0.009 -18"><span class='ocrx_word' id='word_1_288' title='bbox 93 3267 237 3328; x_wconf 91' lang='lat' dir='ltr'><strong>dedecora</strong></span> <span class='ocrx_word' id='word_1_289' title='bbox 258 3264 453 3345; x_wconf 79' lang='lat' dir='ltr'><strong>pervenerint.</strong></span> <span class='ocrx_word' id='word_1_290' title='bbox 484 3258 545 3325; x_wconf 87' lang='lat' dir='ltr'><strong>Nisi</strong></span> <span class='ocrx_word' id='word_1_291' title='bbox 560 3262 635 3322; x_wconf 80' lang='lat' dir='ltr'><strong>forte</strong></span> <span class='ocrx_word' id='word_1_292' title='bbox 654 3260 784 3322; x_wconf 89' lang='lat' dir='ltr'><strong>nondum</strong></span> <span class='ocrx_word' id='word_1_293' title='bbox 805 3263 892 3321; x_wconf 89' lang='lat' dir='ltr'><strong>etiam</strong></span> <span class='ocrx_word' id='word_1_294' title='bbox 911 3275 962 3317; x_wconf 90' lang='lat' dir='ltr'><strong>vos</strong></span> <span class='ocrx_word' id='word_1_295' title='bbox 976 3259 1067 3319; x_wconf 91' lang='lat' dir='ltr'><strong>domi·</strong></span> <span class='ocrx_word' id='word_1_296' title='bbox 1077 3274 1112 3324; x_wconf 79' lang='grc'><strong>11</strong></span> 
     </span>
     <span class='ocr_line' id='line_1_38' title="bbox 93 3343 1069 3423; baseline -0.006 -15"><span class='ocrx_word' id='word_1_297' title='bbox 93 3350 216 3411; x_wconf 88' lang='lat' dir='ltr'><strong>nationis</strong></span> <span class='ocrx_word' id='word_1_298' title='bbox 230 3368 334 3412; x_wconf 90' lang='lat' dir='ltr'><strong>eorum</strong></span> <span class='ocrx_word' id='word_1_299' title='bbox 344 3348 460 3409; x_wconf 89' lang='lat' dir='ltr'><strong>satietas</strong></span> <span class='ocrx_word' id='word_1_300' title='bbox 476 3351 555 3408; x_wconf 89' lang='lat' dir='ltr'><strong>tonet</strong></span> <span class='ocrx_word' id='word_1_301' title='bbox 569 3352 599 3406; x_wconf 89' lang='lat' dir='ltr'><strong>et</strong></span> <span class='ocrx_word' id='word_1_302' title='bbox 611 3344 659 3406; x_wconf 90' lang='lat' dir='ltr'><strong>illa</strong></span> <span class='ocrx_word' id='word_1_303' title='bbox 673 3362 761 3423; x_wconf 90' lang='lat' dir='ltr'><strong>quam</strong></span> <span class='ocrx_word' id='word_1_304' title='bbox 774 3343 848 3403; x_wconf 88' lang='lat' dir='ltr'><strong>haee</strong></span> <span class='ocrx_word' id='word_1_305' title='bbox 861 3344 994 3415; x_wconf 81' lang='lat' dir='ltr'><strong>tempora</strong></span> <span class='ocrx_word' id='word_1_306' title='bbox 1008 3359 1069 3402; x_wconf 81' lang='lat' dir='ltr'><strong>ma·</strong></span> 
     </span>
     <span class='ocr_line' id='line_1_39' title="bbox 95 3422 1076 3512; baseline -0.008 -20"><span class='ocrx_word' id='word_1_307' title='bbox 95 3434 139 3509; x_wconf 79' lang='lat' dir='ltr'><strong>gis</strong></span> <span class='ocrx_word' id='word_1_308' title='bbox 153 3431 282 3512; x_wconf 89' lang='lat' dir='ltr'><strong>placent,</strong></span> <span class='ocrx_word' id='word_1_309' title='bbox 305 3449 372 3494; x_wconf 88' lang='lat' dir='ltr'><strong>curn</strong></span> <span class='ocrx_word' id='word_1_310' title='bbox 387 3446 478 3508; x_wconf 82' lang='lat' dir='ltr'><strong>regnu</strong></span> <span class='ocrx_word' id='word_1_311' title='bbox 492 3429 667 3508; x_wconf 90' lang='lat' dir='ltr'><strong>provinciae,</strong></span> <span class='ocrx_word' id='word_1_312' title='bbox 685 3425 765 3503; x_wconf 85' lang='lat' dir='ltr'><strong>leges</strong></span> <span class='ocrx_word' id='word_1_313' title='bbox 779 3426 843 3485; x_wconf 89' lang='lat' dir='ltr'><strong>iura</strong></span> <span class='ocrx_word' id='word_1_314' title='bbox 863 3422 977 3494; x_wconf 78' lang='lat' dir='ltr'><strong>iudicia,</strong></span> <span class='ocrx_word' id='word_1_315' title='bbox 991 3427 1076 3486; x_wconf 87' lang='lat' dir='ltr'><strong>bella</strong></span> 
     </span>
    </p>
   </div>
   <div class='ocr_carea' id='block_1_4' title="bbox 0 0 1206 3848">
    <p class='ocr_par' dir='ltr' id='par_1_4' title="bbox 0 0 1206 3848">
     <span class='ocr_line' id='line_1_40' title="bbox 0 0 1206 3848; baseline 0 0"><span class='ocrx_word' id='word_1_316' title='bbox 0 0 1206 3848; x_wconf 95' lang='lat' dir='ltr'><strong> </strong></span> 
     </span>
    </p>
   </div>
  </div>
 </body>
</html>
