2392 3848
126 197 164 256 16
241 215 284 254 nn
307 213 478 255 1111111111
503 211 742 255 coarvnarroua:
766 203 858 256 131-
883 202 925 256 31.
948 202 991 255 33.

124 361 184 422 lum
199 362 334 429 tendere,
358 363 489 422 miserari
504 377 608 438 parvos
630 358 753 427 liberos,
777 360 919 437 rogitare,
940 377 1036 418 omma
1052 377 1124 436 pa.

125 464 202 512 vere,
218 445 354 522 superbia
369 450 456 522 atque
467 444 576 504 deliciis
588 443 701 502 omissis
711 441 767 501 sibi
778 444 946 520 patriaeque
958 442 1108 504 diffidere.

98 537 115 585 1
208 530 245 588 111
263 528 399 587 Catilinae
418 526 543 587 crudelis
566 528 679 585 animus
702 525 802 585 eadem
824 524 872 585 illa
894 524 1039 593 movebat,
1060 534 1104 585 ta·

124 613 208 673 metsi
221 611 363 687 praesidia
377 610 554 686 parabantur
580 616 609 667 et
624 610 686 684 ipse
701 607 766 683 lege
780 607 890 668 Plautia
906 611 1105 685 iuterrogatus

97 693 238 754 51111111
256 694 288 753 L.
303 692 402 753 Paulo.
424 693 575 752 Postremo
594 689 791 750 dissimulandi
814 708 901 752 causa
926 692 971 752 111
988 694 1033 751 sui
1053 710 1127 754 111-1

124 778 280 855 purgandi,
301 775 394 837 sicubi
408 776 504 853 iurgio
518 772 672 834 lacessitus
689 773 780 842 soret,
809 776 838 832 in
858 781 991 835 senatum
1013 776 1101 834 venit.

95 861 200 922 oTum
215 860 252 920 11.
274 858 387 919 Tullius
409 857 525 927 consul,
548 860 607 916 sive
621 858 815 932 praesentiam
832 859 894 918 eius
917 860 1021 918 timens
1042 859 1104 918 sire

126 946 169 1003 111
184 949 351 1010 conmotus,
368 929 529 1002 oratiohem
540 939 642 999 habuit
656 939 833 1000 luculentam
845 947 932 1018 atque
943 939 1043 1000 utilem
1059 943 1105 1000 rei

26 1054 31 1062 ·
98 1024 275 1102 1111111111,
292 1041 379 1100 quam
395 1030 496 1100 postea
510 1025 648 1098 scriptam
664 1023 760 1083 edidit.
791 1022 841 1084 Set
853 1022 904 1082 ubi
916 1022 963 1082 ille
979 1021 1101 1091 adsedit,

125 1107 259 1174 Catilina,
281 1114 315 1165 ut
336 1114 398 1166 erat
419 1113 538 1182 paratus
559 1105 595 1165 ad
617 1104 820 1166 dissimulanda
844 1107 954 1174 omnia,
974 1105 1137 1165 demissam

123 1191 203 1249 voltu
220 1207 291 1249 voce
313 1188 436 1265 subplici
450 1187 597 1265 postulare
611 1206 627 1247 a
642 1189 774 1265 patribus
789 1190 897 1266 coepit,
921 1207 958 1249 ue
980 1188 1050 1267 quid
1066 1189 1103 1249 de

124 1290 156 1333 se
172 1279 283 1332 temere
298 1272 466 1332 crederent:
482 1289 515 1332 ea
527 1271 634 1331 lamilia
649 1278 761 1341 ortum,
778 1273 818 1333 ita
832 1288 864 1332 se
878 1271 914 1332 ab
932 1270 1102 1333 adulescen-

124 1359 163 1416 tia
177 1357 264 1416 vitam
277 1356 450 1425 instituisse,
468 1361 502 1415 ut
517 1355 612 1414 omnia
627 1354 705 1414 bona
717 1357 747 1415 in
763 1373 816 1432 spe
834 1355 971 1416 haberet:
988 1373 1026 1415 ue
1042 1357 1102 1416 1111-

124 1445 294 1506 stumarent,
308 1438 371 1507 sibi,
389 1440 510 1517 patricio
522 1438 642 1506 homini,
660 1439 742 1498 cuius
751 1439 842 1514 ipsius
856 1446 943 1515 atque
954 1441 1100 1499 maiorum

123 1524 260 1600 pluruma
277 1522 410 1583 benificia
423 1525 452 1582 in
467 1521 608 1600 populum
621 1522 785 1583 Romanum
801 1528 913 1589 essent,
936 1521 1050 1597 perdita
1066 1539 1100 1580 re
1112 1539 1133 1576 n

123 1607 240 1685 publica
252 1624 325 1682 opus
341 1624 419 1674 esse,
438 1623 504 1666 cum
520 1623 585 1666 eam
601 1611 731 1665 servaret
744 1603 781 1662 hl.
797 1601 925 1672 Tullius,
942 1601 1100 1680 inquilinus

96 1693 195 1750 sciris
217 1688 300 1746 urbis
314 1689 433 1747 llomae.
477 1687 519 1746 Ad
541 1687 596 1746 hoe
613 1687 779 1746 maledicta
802 1683 858 1745 alia
879 1702 947 1746 cum
971 1685 1100 1752 adderet,

96 1767 297 1844 constrepere
308 1784 417 1835 omnes,
430 1766 543 1828 hostem
557 1775 643 1846 atque
654 1769 813 1847 paricidam
826 1786 942 1830 vocare.
964 1769 1041 1829 Tum
1055 1766 1102 1828 ille

123 1850 299 1910 furibundus
316 1852 461 1929 ‘quoniam
473 1852 590 1929 quidem
605 1850 828 1914 circumventus'
839 1852 932 1931 inquit
945 1852 990 1912 ‘ab
1008 1853 1101 1913 iuimi-

123 1951 165 1994 crs
179 1951 321 2011 praeceps
336 1951 420 2010 agor,
439 1935 604 1995 incendium
620 1954 718 1996 meum
733 1938 817 1997 ruina
835 1934 1031 2010 restinguam.
1111 1955 1137 1994 11

94 2013 113 2072 2
206 2018 317 2079 Deinde
337 2036 368 2079 se
388 2036 423 2078 ex
445 2020 525 2079 curia
542 2019 660 2078 domum
682 2019 835 2094 proripuit.
874 2017 918 2076 lbi
934 2017 1024 2077 multa
1038 2017 1102 2094 ipse

122 2119 222 2161 secum
237 2101 369 2170 volvem,
394 2101 471 2179 quod
489 2119 584 2176 neque
601 2101 721 2159 insidiae
741 2099 854 2159 consuli
872 2097 937 2132 ***
959 2099 1101 2175 procede·

122 2183 193 2243 hant
208 2190 237 2244 et
251 2184 287 2243 ab
302 2184 436 2245 incendio
450 2181 635 2257 intellegebat
647 2181 751 2241 urbem
767 2180 869 2258 vigiliis
883 2183 1032 2250 munitam,
1050 2200 1100 2259 op-

121 2273 235 2327 turnum
254 2267 332 2329 lactu
353 2267 476 2327 credens
497 2266 657 2326 exercitum
678 2282 786 2343 angere
808 2283 843 2325 11
863 2267 945 2344 prins
957 2283 1044 2342 quam
1059 2265 1100 2326 lo·

118 2350 223 2426 giones
235 2349 444 2419 scriberentur,
457 2347 549 2409 multa
560 2355 735 2425 antecapere
743 2363 818 2424 quae
829 2346 907 2407 bello
919 2350 984 2406 usui
995 2349 1102 2416 loreut,
1118 2370 1137 2405 n·

118 2439 205 2492 nocte
216 2432 392 2511 intempesta
404 2453 468 2495 cum
480 2434 582 2512 paucis
592 2431 775 2493 inllanliaua
787 2439 882 2493 castra
891 2432 1043 2510 proiectus
1052 2442 1105 2492 est.

92 2515 171 2574 28et
183 2516 310 2590 Cethego
332 2523 421 2591 atque
436 2517 560 2578 Lentulo
584 2517 765 2592 ceterisque,
785 2533 910 2591 quorum
928 2522 1107 2590 cognoverat

123 2604 288 2677 promptam
311 2599 475 2667 audaciam,
496 2599 628 2666 1111111111,
652 2601 757 2675 quibus
773 2599 864 2658 rebus
881 2599 1007 2675 possint,
1031 2614 1102 2674 opes

124 2682 255 2742 factionis
275 2681 456 2750 confirment,
479 2680 596 2739 iusidias
612 2678 723 2738 consedi
744 2686 896 2747 maturent,
921 2679 1040 2739 caedem
1057 2681 1101 2740 in·

124 2767 226 2826 cendia
248 2765 360 2843 aliaque
379 2762 448 2824 belli
466 2764 593 2824 lacinora
615 2768 733 2840 parent:
754 2779 819 2822 sese
839 2764 1011 2841 propediem
1034 2782 1135 2825 cumso

122 2866 228 2925 magno
251 2850 382 2908 exercitu
404 2847 439 2907 ad
460 2845 564 2907 urbem
585 2847 782 2907 adcessurum.

70 2937 112 3000 33
206 2931 280 2991 llum
294 2931 368 2991 haec
381 2929 491 2990 Romae
506 2937 662 3004 geruntur,
678 2929 711 2989 G.
723 2928 845 2989 Manlius
860 2948 896 2990 ex
908 2948 960 2990 suo
977 2948 1101 2991 numero

122 3014 231 3091 legatos
253 3015 289 3075 ad
313 3014 454 3076 llarcium
472 3013 583 3090 Regem
606 3013 692 3072 mittit
718 3031 784 3073 cum
807 3013 950 3074 mandatis
978 3015 1101 3076 huiusce

97 3097 215 3162 2modi·
233 3097 318 3158 ‘Deos
333 3098 524 3175 hominesque
542 3102 697 3164 testamur,
711 3099 880 3176 imperator,
890 3115 944 3157 uos
955 3117 1036 3159 arma
1049 3116 1100 3158 ne·

123 3200 181 3261 que
203 3189 305 3242 contra
324 3182 448 3258 patriam
465 3181 575 3258 cepisse
614 3197 709 3257 neque
728 3198 786 3257 quo
802 3179 964 3258 perictdum
981 3181 1043 3240 aliis
1058 3180 1099 3239 la·
1110 3199 1134 3240 aa

123 3284 270 3336 ceremus,
294 3272 338 3326 set
352 3265 393 3325 uti
407 3280 532 3340 corpora
546 3270 645 3323 nostra
664 3262 699 3323 ab
716 3264 821 3324 iniuria
837 3269 898 3322 tuta
918 3262 1023 3333 lorent,
1040 3264 1099 3341 qui,

122 3350 221 3409 miseri
236 3357 369 3426 egentes,
385 3346 519 3407 violentia
537 3353 623 3424 atque
642 3346 810 3407 crudelitate
826 3345 1023 3406 feneratorum
1038 3345 1100 3424 ple-

123 3433 206 3509 rique
215 3435 337 3511 patriae,
344 3438 388 3492 set
403 3447 505 3491 omnes
515 3429 591 3490 lama
602 3435 687 3505 atque
699 3416 822 3490 iortunis
834 3435 967 3506 expertes
982 3447 1099 3492 sumus:
