2392 3848
191 171 250 229 112
458 187 637 231 caarrosns
656 162 698 229 'aa
719 188 898 231 amsrumn

188 335 244 396 sibi
257 336 380 414 quisque
394 352 466 413 opes
477 344 527 396 aut
541 336 702 413 patrocinia
718 335 888 412 quaerundo
906 337 1058 398 consilium
1069 337 1165 414 publi·

155 433 169 482 2
189 437 257 479 cum
278 424 487 496 conruperant.
508 419 545 478 At
562 425 626 479 tum
645 426 707 478 erat
723 416 849 494 Lepidus
869 417 944 478 latro
970 438 1037 479 curn
1058 421 1164 480 caloni-

188 501 244 561 bus
265 508 294 562 et
312 501 412 579 paucis
433 502 557 572 sicariis,
580 518 706 580 quorum
720 518 806 561 nemo
824 517 883 561 aon
903 501 1007 563 dimna
1028 505 1165 565 mercede

188 586 275 644 vitam
295 585 462 646 mutaverit:
492 602 571 645 nune
596 592 640 644 est
665 601 720 663 pro
743 582 862 644 consule
883 602 950 644 cum
964 579 1093 664 imperio
1105 605 1164 646 non

188 675 286 744 empto
308 674 354 728 set
375 667 441 727 dato
461 686 477 726 a
499 667 595 737 vobis,
621 685 689 728 cum
709 666 812 744 legatis
832 666 929 726 adhuc
950 669 1013 728 iure
1036 672 1188 745 parenti-c

187 748 258 811 bus:
275 758 305 811 et
320 750 359 810 ad
374 768 442 811 eum
456 768 634 811 concurrere
651 749 784 810 homines
799 751 928 809 omnium
946 750 1084 811 ordinum
1095 771 1165 812 con·

186 835 365 909 ruptissumi,
384 832 541 911 flagrantes
556 834 653 910 inopia
666 840 695 893 et
710 830 906 910 cupidinibus,
929 833 1076 893 scelerum
1096 853 1165 895 con·

187 917 308 976 scientia
340 918 489 993 exagitati,
520 916 626 996 quibus
648 917 730 994 quies
750 916 780 975 in
810 915 1007 984 seditionibus,
1031 918 1061 976 in
1093 936 1166 995 pace

187 999 291 1060 turbae
307 1006 389 1059 suut:
413 1000 440 1058 ei
453 999 609 1060 tumultum
627 1018 663 1059 er
676 997 812 1067 tumultu,
833 997 944 1058 bellum
966 1017 1001 1058 ex
1023 997 1100 1059 bello
1120 1019 1165 1061 se-

186 1087 269 1150 runt,
292 1082 440 1142 Saturnini
461 1081 545 1150 olim,
568 1091 634 1158 post
655 1081 778 1157 Sulpici,
801 1081 868 1142 dein
890 1080 964 1141 llari
984 1080 1193 1161 Damasippi-r

153 1173 170 1225 8
188 1182 259 1242 quc,
280 1183 361 1225 nuuc
377 1165 478 1241 Lepidi
495 1163 641 1225 satellites.
660 1166 816 1226 Praeterea
829 1163 946 1224 Etruria
961 1172 1048 1242 atque
1063 1183 1165 1226 ornnes

187 1246 327 1324 reliquiae
344 1246 415 1308 belli
435 1247 580 1315 adrectae,
601 1248 757 1324 Hispaniae
775 1247 864 1307 armis
882 1247 1030 1315 sollicitae,
1052 1247 1164 1309 Mithri-

188 1329 268 1389 dates
288 1330 318 1390 in
340 1329 431 1390 latere
451 1329 633 1408 vectigalium
654 1337 838 1399 nostrorum,
858 1330 964 1408 quibus
985 1330 1081 1391 adhuc
1101 1349 1164 1391 sus-

187 1419 343 1482 tentamur,
366 1413 442 1475 diem
462 1412 540 1474 bello
560 1415 771 1490 circumspicit:
798 1414 869 1491 quin
889 1420 1008 1490 praeter
1028 1414 1165 1476 idoneum

188 1495 293 1557 ducem
313 1495 384 1557 nibil
406 1496 489 1557 abest
509 1496 546 1557 ad
566 1495 798 1557 subvortundum
820 1498 988 1574 imperium.
1194 1523 1196 1527 ¹

151 1595 169 1645 o
271 1578 356 1650 Quod
371 1597 426 1657 ego
440 1596 491 1638 vos
506 1597 559 1638 oro
574 1588 660 1657 atque
675 1579 809 1648 obsecro,
831 1587 929 1654 patres
946 1582 1111 1656 conscripti,
1133 1588 1166 1639 ut

187 1662 431 1731 animadvortatis,
454 1679 512 1723 neu
534 1663 682 1739 patiamini
696 1662 842 1722 licentiam
859 1660 1005 1722 scelerum
1020 1663 1103 1740 quasi
1116 1679 1164 1722 ra·

186 1743 265 1804 biem
282 1744 319 1804 ad
334 1746 465 1821 integros
477 1753 612 1805 contactu
626 1745 798 1821 procedere.
821 1744 895 1805 Nam
909 1744 961 1806 ubi
972 1745 1065 1805 malos
1078 1762 1164 1822 prae-

186 1830 243 1887 mia
265 1833 419 1897 secuntur,
446 1828 517 1889 baut
543 1827 628 1888 facile
650 1830 804 1906 quisquam
831 1829 956 1905 gratuito
984 1827 1081 1889 bonus
1110 1835 1162 1888 est.

89 1956 92 1963 .
139 1922 169 1972 10
185 1911 230 1970 dn
252 1912 429 1987 expectatis,
455 1911 525 1971 dum
549 1913 679 1972 exercitu
701 1929 805 1972 rursus
828 1912 945 1972 admoto
975 1911 1055 1973 lerro
1078 1920 1194 1989 atquet

187 1994 304 2054 tlamma
323 1994 429 2055 urbem
444 1995 577 2056 invadat?
598 1994 677 2072 quod
695 1994 787 2055 multo
808 1996 929 2072 propius
943 2001 987 2056 est
1003 1994 1039 2056 ab
1058 2014 1094 2055 eo
1106 2012 1164 2071 quo

188 2079 275 2154 agitat
295 2084 387 2147 statu,
417 2096 504 2156 quam
527 2097 563 2139 ex
580 2095 653 2155 pace
675 2085 704 2138 et
724 2078 879 2137 concordia
901 2078 938 2137 ad
960 2096 1041 2138 arma
1062 2077 1164 2146 civilia,

187 2177 262 2236 quae
276 2160 324 2220 ille
340 2160 496 2221 advorsum
511 2162 606 2221 divina
623 2168 651 2221 et
668 2159 795 2220 bumana
812 2160 908 2219 omnia
926 2162 1012 2238 oepit,
1033 2178 1094 2221 non
1110 2177 1165 2236 pro

187 2259 240 2302 sua
258 2251 307 2304 aut
334 2260 460 2320 quornm
481 2242 597 2303 simulat
621 2244 740 2312 iniuria,
767 2250 811 2304 set
837 2241 935 2319 legum
964 2262 999 2304 ac
1024 2243 1166 2305 libertatis

139 2342 168 2391 tr
186 2325 412 2388 subvortundae.
431 2328 533 2406 Agitur
555 2328 633 2388 enim
654 2343 689 2386 ao
707 2326 853 2387 laceratur
871 2327 959 2387 animi
981 2326 1116 2403 cupidine
1137 2334 1195 2385 etz

187 2427 330 2470 noxarum
349 2417 444 2481 matu,
478 2428 583 2488 expers
605 2409 722 2479 consili,
749 2411 878 2489 inquies,
904 2408 978 2470 haec
1009 2417 1096 2487 atque
1117 2407 1164 2468 illa

188 2500 348 2569 temptans,
377 2496 480 2555 metuit
500 2496 591 2557 otium
610 2494 670 2554 odit
691 2492 817 2562 bellum,
845 2492 917 2553 luxu
943 2500 1029 2570 atque
1050 2491 1165 2552 licentia

189 2576 348 2637 carendum
368 2576 446 2637 videt
461 2583 601 2654 -atque
619 2577 736 2636 interim
757 2576 885 2637 abutitur
906 2585 1002 2635 vostra
1020 2575 1162 2635 socordia.

139 2668 169 2717 12
187 2657 288 2735 Neque
302 2658 375 2719 mihi
394 2661 462 2719 satis
483 2660 584 2721 consili
606 2668 658 2728 est,
678 2667 788 2720 metum
813 2676 851 2717 an
867 2659 1019 2735 ,ignaviam
1046 2675 1083 2718 an
1113 2656 1163 2716 de·

191 2742 332 2800 mentium
355 2758 419 2800 eam
428 2741 588 2820 adpellem:
613 2745 663 2818 qui
677 2741 818 2803 videmini
832 2744 980 2803 intuentes
996 2750 1080 2803 tauta
1095 2739 1170 2802 mala
1184 2768 1196 2782 „

193 2824 276 2896 quasi
287 2822 505 2900 lulmenoptare
517 2843 549 2886 se
561 2827 683 2904 quisque
695 2843 733 2886 ne
745 2825 884 2900 adtingat,
903 2836 947 2884 set
961 2824 1121 2902 prohibere
1133 2843 1171 2883 ne

142 2907 173 2959 13
192 2903 291 2959 conari
316 2903 442 2978 quidem.
486 2906 523 2964 Et
552 2922 660 2982 quaeso
686 2906 882 2973 considerate,
912 2925 1000 2983 quam
1025 2924 1166 2967 convorsa

191 2998 292 3041 rerum
311 2990 415 3044 natura
436 2985 481 3047 sit.
499 2985 592 3049 Antea
612 2985 722 3047 malum
743 2984 894 3065 publicum
915 2988 1037 3060 occulte,
1061 2989 1166 3050 auxilia

190 3065 286 3143 palam
308 3068 528 3132 instruebantur
557 3078 585 3132 et
611 3088 646 3139 eo
670 3069 741 3131 boni
772 3068 863 3131 malos
890 3071 974 3134 facile
1003 3073 1164 3135 anteibant:

190 3167 269 3210 nunc
294 3168 351 3229 pax
375 3158 403 3211 et
425 3155 580 3216 concordia
607 3154 808 3216 disturbantur
828 3153 938 3234 palam,
968 3156 1165 3217 defenduntur
1193 3182 1196 3187 ⁴

191 3233 319 3294 occulte:
345 3233 451 3311 quibus
470 3237 518 3297 illa
539 3237 655 3314 placent
675 3240 706 3299 iu
726 3241 815 3300 armis
837 3250 919 3308 sunt,
946 3256 998 3299 vos
1022 3239 1052 3297 in
1074 3244 1163 3296 metu.

142 3321 172 3371 14
190 3314 265 3383 Quid
292 3319 467 3395 expectatis?
493 3322 549 3380 nisi
578 3320 654 3382 iorta
674 3322 766 3400 pudet
787 3329 837 3382 aut
857 3325 937 3400 piget
957 3328 1037 3381 recte
1056 3319 1163 3379 iacere.

189 3398 232 3457 bn
251 3399 354 3478 Lepidi
381 3402 517 3463 mandata
544 3405 655 3464 animos
681 3407 817 3466 movere?
845 3408 894 3479 qui
916 3404 1030 3484 placere
1053 3405 1093 3462 ait
1112 3421 1165 3463 sua
