<?xml version="1.0" encoding="UTF-8"?>
<!DOCTYPE html PUBLIC "-//W3C//DTD XHTML 1.0 Transitional//EN"
    "http://www.w3.org/TR/xhtml1/DTD/xhtml1-transitional.dtd">
<html xmlns="http://www.w3.org/1999/xhtml" xml:lang="en" lang="en">
 <head>
  <title>
</title>
<meta http-equiv="Content-Type" content="text/html;charset=utf-8" />
  <meta name='ocr-system' content='tesseract 3.04.00' />
  <meta name='ocr-capabilities' content='ocr_page ocr_carea ocr_par ocr_line ocrx_word'/>
</head>
<body>
  <div class='ocr_page' id='page_1' title='image "./libridecatilina00sallgoog_0041.png"; bbox 0 0 2392 3848; ppageno 0'>
   <div class='ocr_carea' id='block_1_1' title="bbox 118 162 975 228">
    <p class='ocr_par' dir='ltr' id='par_1_1' title="bbox 118 162 975 228">
     <span class='ocr_line' id='line_1_1' title="bbox 118 162 975 228; baseline 0.004 -8"><span class='ocrx_word' id='word_1_1' title='bbox 118 162 158 220; x_wconf 80' lang='lat'>22</span> <span class='ocrx_word' id='word_1_2' title='bbox 239 182 281 222; x_wconf 81' lang='grc'>44</span> <span class='ocrx_word' id='word_1_3' title='bbox 304 181 474 224; x_wconf 70' lang='lat' dir='ltr'>commune</span> <span class='ocrx_word' id='word_1_4' title='bbox 497 182 734 225; x_wconf 80' lang='grc'><strong>404444444044</strong></span> <span class='ocrx_word' id='word_1_5' title='bbox 757 182 783 224; x_wconf 90' lang='grc'>0.</span> <span class='ocrx_word' id='word_1_6' title='bbox 805 174 847 227; x_wconf 90' lang='grc'>44.</span> <span class='ocrx_word' id='word_1_7' title='bbox 870 175 911 227; x_wconf 79' lang='grc'>44.</span> <span class='ocrx_word' id='word_1_8' title='bbox 934 175 975 228; x_wconf 81' lang='grc'>46.</span> 
     </span>
    </p>
   </div>
   <div class='ocr_carea' id='block_1_2' title="bbox 68 327 1125 3386">
    <p class='ocr_par' dir='ltr' id='par_1_2' title="bbox 68 327 1125 3386">
     <span class='ocr_line' id='line_1_2' title="bbox 121 327 1093 408; baseline 0.005 -22"><span class='ocrx_word' id='word_1_9' title='bbox 121 327 205 388; x_wconf 89' lang='grc'><strong>411444</strong></span> <span class='ocrx_word' id='word_1_10' title='bbox 227 327 297 387; x_wconf 89' lang='lat' dir='ltr'>haut</span> <span class='ocrx_word' id='word_1_11' title='bbox 319 330 401 390; x_wconf 84' lang='lat' dir='ltr'>facile</span> <span class='ocrx_word' id='word_1_12' title='bbox 428 348 478 390; x_wconf 91' lang='lat' dir='ltr'>eos</span> <span class='ocrx_word' id='word_1_13' title='bbox 508 330 544 390; x_wconf 89' lang='lat' dir='ltr'>ad</span> <span class='ocrx_word' id='word_1_14' title='bbox 572 336 684 389; x_wconf 89' lang='lat' dir='ltr'>tantum</span> <span class='ocrx_word' id='word_1_15' title='bbox 705 332 852 406; x_wconf 86' lang='lat' dir='ltr'>negotium</span> <span class='ocrx_word' id='word_1_16' title='bbox 874 330 971 408; x_wconf 85' lang='lat' dir='ltr'>inpelli</span> <span class='ocrx_word' id='word_1_17' title='bbox 996 347 1093 407; x_wconf 88' lang='lat' dir='ltr'>posse.</span> 
     </span>
     <span class='ocr_line' id='line_1_3' title="bbox 93 410 1094 487; baseline 0.007 -20"><span class='ocrx_word' id='word_1_18' title='bbox 93 420 110 467; x_wconf 79' lang='lat'><strong>2</strong></span> <span class='ocrx_word' id='word_1_19' title='bbox 123 410 221 472; x_wconf 89' lang='lat' dir='ltr'>Ceteri</span> <span class='ocrx_word' id='word_1_20' title='bbox 236 410 308 470; x_wconf 92' lang='lat' dir='ltr'>nihil</span> <span class='ocrx_word' id='word_1_21' title='bbox 323 413 501 487; x_wconf 84' lang='lat' dir='ltr'>suspicantes</span> <span class='ocrx_word' id='word_1_22' title='bbox 518 414 594 480; x_wconf 92' lang='lat' dir='ltr'>dant,</span> <span class='ocrx_word' id='word_1_23' title='bbox 611 411 723 471; x_wconf 85' lang='lat' dir='ltr'>Cassius</span> <span class='ocrx_word' id='word_1_24' title='bbox 738 420 829 473; x_wconf 91' lang='lat' dir='ltr'>semet</span> <span class='ocrx_word' id='word_1_25' title='bbox 844 432 879 474; x_wconf 93' lang='grc'>40</span> <span class='ocrx_word' id='word_1_26' title='bbox 895 413 976 473; x_wconf 84' lang='lat' dir='ltr'>brevi</span> <span class='ocrx_word' id='word_1_27' title='bbox 991 420 1094 474; x_wconf 90' lang='lat' dir='ltr'>ventu·</span> 
     </span>
     <span class='ocr_line' id='line_1_4' title="bbox 122 493 1092 573; baseline 0.002 -21"><span class='ocrx_word' id='word_1_28' title='bbox 122 512 188 554; x_wconf 92' lang='lat' dir='ltr'>rum</span> <span class='ocrx_word' id='word_1_29' title='bbox 210 493 363 570; x_wconf 90' lang='lat' dir='ltr'>pollicetur</span> <span class='ocrx_word' id='word_1_30' title='bbox 382 512 416 554; x_wconf 89' lang='lat' dir='ltr'>ao</span> <span class='ocrx_word' id='word_1_31' title='bbox 434 495 521 572; x_wconf 93' lang='lat' dir='ltr'>paulo</span> <span class='ocrx_word' id='word_1_32' title='bbox 539 502 605 555; x_wconf 88' lang='lat' dir='ltr'>ante</span> <span class='ocrx_word' id='word_1_33' title='bbox 618 494 727 570; x_wconf 88' lang='lat' dir='ltr'>legatos</span> <span class='ocrx_word' id='word_1_34' title='bbox 745 515 780 556; x_wconf 84' lang='grc'>44</span> <span class='ocrx_word' id='word_1_35' title='bbox 795 496 870 557; x_wconf 91' lang='lat' dir='ltr'>urbe</span> <span class='ocrx_word' id='word_1_36' title='bbox 890 497 1092 573; x_wconf 88' lang='lat' dir='ltr'>proficiscitur.</span> 
     </span>
     <span class='ocr_line' id='line_1_5' title="bbox 90 577 1093 657; baseline 0 -20"><span class='ocrx_word' id='word_1_37' title='bbox 90 577 264 637; x_wconf 73' lang='lat' dir='ltr'>alentulus</span> <span class='ocrx_word' id='word_1_38' title='bbox 288 595 354 636; x_wconf 91' lang='lat' dir='ltr'>cum</span> <span class='ocrx_word' id='word_1_39' title='bbox 383 580 423 637; x_wconf 90' lang='lat' dir='ltr'>eis</span> <span class='ocrx_word' id='word_1_40' title='bbox 442 578 475 639; x_wconf 87' lang='lat' dir='ltr'>T.</span> <span class='ocrx_word' id='word_1_41' title='bbox 498 578 676 638; x_wconf 83' lang='lat' dir='ltr'><strong>Volturcium</strong></span> <span class='ocrx_word' id='word_1_42' title='bbox 700 580 843 657; x_wconf 77' lang='lat' dir='ltr'>quendam</span> <span class='ocrx_word' id='word_1_43' title='bbox 875 579 1093 639; x_wconf 83' lang='lat' dir='ltr'><strong>Crotoniensem</strong></span> 
     </span>
     <span class='ocr_line' id='line_1_6' title="bbox 120 659 1116 740; baseline -0.004 -20"><span class='ocrx_word' id='word_1_44' title='bbox 120 662 214 728; x_wconf 85' lang='lat' dir='ltr'>mittit,</span> <span class='ocrx_word' id='word_1_45' title='bbox 230 666 262 718; x_wconf 92' lang='lat' dir='ltr'>ut</span> <span class='ocrx_word' id='word_1_46' title='bbox 277 659 448 737; x_wconf 77' lang='lat' dir='ltr'><strong>Allobroges</strong></span> <span class='ocrx_word' id='word_1_47' title='bbox 462 664 640 739; x_wconf 90' lang='lat' dir='ltr'>priusquam</span> <span class='ocrx_word' id='word_1_48' title='bbox 655 662 773 721; x_wconf 85' lang='lat' dir='ltr'>domurn</span> <span class='ocrx_word' id='word_1_49' title='bbox 787 671 944 740; x_wconf 78' lang='lat' dir='ltr'>pergerent</span> <span class='ocrx_word' id='word_1_50' title='bbox 959 679 1025 721; x_wconf 89' lang='lat' dir='ltr'>cum</span> <span class='ocrx_word' id='word_1_51' title='bbox 1040 660 1116 720; x_wconf 69' lang='lat' dir='ltr'>Cas</span> 
     </span>
     <span class='ocr_line' id='line_1_7' title="bbox 90 743 1092 821; baseline 0.006 -23"><span class='ocrx_word' id='word_1_52' title='bbox 90 743 200 802; x_wconf 85' lang='grc'><strong>4411144</strong></span> <span class='ocrx_word' id='word_1_53' title='bbox 221 743 286 803; x_wconf 87' lang='grc'><strong>41444</strong></span> <span class='ocrx_word' id='word_1_54' title='bbox 304 751 390 821; x_wconf 87' lang='lat' dir='ltr'>atque</span> <span class='ocrx_word' id='word_1_55' title='bbox 404 753 521 821; x_wconf 89' lang='lat' dir='ltr'>accepta</span> <span class='ocrx_word' id='word_1_56' title='bbox 535 745 592 805; x_wconf 89' lang='lat' dir='ltr'>fide</span> <span class='ocrx_word' id='word_1_57' title='bbox 606 746 771 804; x_wconf 89' lang='lat' dir='ltr'>societatem</span> <span class='ocrx_word' id='word_1_58' title='bbox 788 747 1002 804; x_wconf 84' lang='lat' dir='ltr'>confirmarent</span> <span class='ocrx_word' id='word_1_59' title='bbox 1027 743 1092 819; x_wconf 84' lang='lat' dir='ltr'>lpse</span> 
     </span>
     <span class='ocr_line' id='line_1_8' title="bbox 121 825 1093 906; baseline 0.005 -26"><span class='ocrx_word' id='word_1_60' title='bbox 121 826 268 886; x_wconf 77' lang='lat' dir='ltr'>Volturcio</span> <span class='ocrx_word' id='word_1_61' title='bbox 284 825 395 887; x_wconf 79' lang='lat' dir='ltr'>litteras</span> <span class='ocrx_word' id='word_1_62' title='bbox 409 827 446 887; x_wconf 96' lang='lat' dir='ltr'>ad</span> <span class='ocrx_word' id='word_1_63' title='bbox 459 827 607 888; x_wconf 85' lang='lat' dir='ltr'>Catilinam</span> <span class='ocrx_word' id='word_1_64' title='bbox 622 827 679 896; x_wconf 92' lang='lat' dir='ltr'>dat,</span> <span class='ocrx_word' id='word_1_65' title='bbox 696 845 819 906; x_wconf 90' lang='lat' dir='ltr'>quarum</span> <span class='ocrx_word' id='word_1_66' title='bbox 837 827 1000 903; x_wconf 84' lang='lat' dir='ltr'>exemplum</span> <span class='ocrx_word' id='word_1_67' title='bbox 1017 825 1093 885; x_wconf 86' lang='lat' dir='ltr'>iufra</span> 
     </span>
     <span class='ocr_line' id='line_1_9' title="bbox 121 910 1091 987; baseline 0 -21"><span class='ocrx_word' id='word_1_68' title='bbox 121 911 263 985; x_wconf 85' lang='lat' dir='ltr'>scriptum</span> <span class='ocrx_word' id='word_1_69' title='bbox 285 917 342 969; x_wconf 90' lang='lat' dir='ltr'>est:</span> <span class='ocrx_word' id='word_1_70' title='bbox 366 910 446 981; x_wconf 85' lang='lat' dir='ltr'>‘Quis</span> <span class='ocrx_word' id='word_1_71' title='bbox 462 913 525 979; x_wconf 89' lang='lat' dir='ltr'>sim,</span> <span class='ocrx_word' id='word_1_72' title='bbox 547 929 583 970; x_wconf 83' lang='grc'>44</span> <span class='ocrx_word' id='word_1_73' title='bbox 600 929 633 970; x_wconf 92' lang='grc'>44</span> <span class='ocrx_word' id='word_1_74' title='bbox 650 929 737 987; x_wconf 90' lang='lat' dir='ltr'>quem</span> <span class='ocrx_word' id='word_1_75' title='bbox 752 911 787 970; x_wconf 95' lang='lat' dir='ltr'>ad</span> <span class='ocrx_word' id='word_1_76' title='bbox 802 918 831 971; x_wconf 92' lang='grc'>44</span> <span class='ocrx_word' id='word_1_77' title='bbox 845 912 909 969; x_wconf 93' lang='lat' dir='ltr'>misi</span> <span class='ocrx_word' id='word_1_78' title='bbox 925 925 1091 985; x_wconf 84' lang='lat' dir='ltr'>cognosces.</span> 
     </span>
     <span class='ocr_line' id='line_1_10' title="bbox 93 991 1092 1068; baseline 0 -18"><span class='ocrx_word' id='word_1_79' title='bbox 93 991 180 1051; x_wconf 76' lang='lat' dir='ltr'>oFac</span> <span class='ocrx_word' id='word_1_80' title='bbox 202 993 327 1067; x_wconf 87' lang='lat' dir='ltr'>cogites,</span> <span class='ocrx_word' id='word_1_81' title='bbox 346 994 376 1051; x_wconf 93' lang='lat' dir='ltr'>in</span> <span class='ocrx_word' id='word_1_82' title='bbox 395 998 501 1068; x_wconf 89' lang='lat' dir='ltr'>quanta</span> <span class='ocrx_word' id='word_1_83' title='bbox 519 993 678 1052; x_wconf 82' lang='lat' dir='ltr'>calamitate</span> <span class='ocrx_word' id='word_1_84' title='bbox 697 994 750 1060; x_wconf 90' lang='lat' dir='ltr'>sis,</span> <span class='ocrx_word' id='word_1_85' title='bbox 774 1000 802 1052; x_wconf 90' lang='lat' dir='ltr'>et</span> <span class='ocrx_word' id='word_1_86' title='bbox 820 994 986 1053; x_wconf 90' lang='lat' dir='ltr'>memineris</span> <span class='ocrx_word' id='word_1_87' title='bbox 1008 999 1035 1051; x_wconf 89' lang='lat' dir='ltr'>te</span> <span class='ocrx_word' id='word_1_88' title='bbox 1051 994 1092 1050; x_wconf 90' lang='lat' dir='ltr'>vi-</span> 
     </span>
     <span class='ocr_line' id='line_1_11' title="bbox 120 1071 1124 1152; baseline 0 -21"><span class='ocrx_word' id='word_1_89' title='bbox 120 1091 186 1132; x_wconf 89' lang='lat' dir='ltr'>rum</span> <span class='ocrx_word' id='word_1_90' title='bbox 204 1091 281 1133; x_wconf 87' lang='lat' dir='ltr'>esse:</span> <span class='ocrx_word' id='word_1_91' title='bbox 301 1074 467 1134; x_wconf 88' lang='lat' dir='ltr'>consideres</span> <span class='ocrx_word' id='word_1_92' title='bbox 478 1074 547 1152; x_wconf 89' lang='lat' dir='ltr'>quid</span> <span class='ocrx_word' id='word_1_93' title='bbox 562 1082 627 1133; x_wconf 88' lang='lat' dir='ltr'>tuae</span> <span class='ocrx_word' id='word_1_94' title='bbox 638 1076 765 1135; x_wconf 89' lang='lat' dir='ltr'>rationes</span> <span class='ocrx_word' id='word_1_95' title='bbox 779 1075 939 1151; x_wconf 85' lang='lat' dir='ltr'>postulent:</span> <span class='ocrx_word' id='word_1_96' title='bbox 955 1071 1124 1135; x_wconf 80' lang='lat' dir='ltr'>auribumre</span> 
     </span>
     <span class='ocr_line' id='line_1_12' title="bbox 92 1155 1091 1232; baseline -0.003 -15"><span class='ocrx_word' id='word_1_97' title='bbox 92 1163 201 1232; x_wconf 85' lang='grc'><strong>444444</strong></span> <span class='ocrx_word' id='word_1_98' title='bbox 215 1157 251 1216; x_wconf 84' lang='grc'>41)</span> <span class='ocrx_word' id='word_1_99' title='bbox 268 1157 411 1224; x_wconf 90' lang='lat' dir='ltr'>omnibus,</span> <span class='ocrx_word' id='word_1_100' title='bbox 429 1160 514 1218; x_wconf 86' lang='lat' dir='ltr'>ctiam</span> <span class='ocrx_word' id='word_1_101' title='bbox 529 1156 565 1216; x_wconf 87' lang='lat' dir='ltr'>ab</span> <span class='ocrx_word' id='word_1_102' title='bbox 576 1155 698 1215; x_wconf 89' lang='lat' dir='ltr'>inlimis&#39;.</span> <span class='ocrx_word' id='word_1_103' title='bbox 721 1158 764 1217; x_wconf 80' lang='lat' dir='ltr'>hd</span> <span class='ocrx_word' id='word_1_104' title='bbox 779 1158 836 1218; x_wconf 93' lang='lat' dir='ltr'>hoc</span> <span class='ocrx_word' id='word_1_105' title='bbox 847 1158 981 1218; x_wconf 90' lang='lat' dir='ltr'>mandata</span> <span class='ocrx_word' id='word_1_106' title='bbox 995 1155 1091 1216; x_wconf 86' lang='lat' dir='ltr'>verbis</span> 
     </span>
     <span class='ocr_line' id='line_1_13' title="bbox 120 1239 1090 1320; baseline 0 -23"><span class='ocrx_word' id='word_1_107' title='bbox 120 1239 183 1298; x_wconf 89' lang='lat' dir='ltr'>dat:</span> <span class='ocrx_word' id='word_1_108' title='bbox 212 1258 277 1299; x_wconf 91' lang='lat' dir='ltr'>cum</span> <span class='ocrx_word' id='word_1_109' title='bbox 292 1239 328 1299; x_wconf 90' lang='lat' dir='ltr'>ab</span> <span class='ocrx_word' id='word_1_110' title='bbox 343 1249 445 1299; x_wconf 88' lang='lat' dir='ltr'>senatu</span> <span class='ocrx_word' id='word_1_111' title='bbox 456 1240 546 1299; x_wconf 89' lang='lat' dir='ltr'>bostis</span> <span class='ocrx_word' id='word_1_112' title='bbox 555 1239 695 1300; x_wconf 88' lang='lat' dir='ltr'>iudicatus</span> <span class='ocrx_word' id='word_1_113' title='bbox 709 1243 753 1309; x_wconf 88' lang='lat' dir='ltr'>sit,</span> <span class='ocrx_word' id='word_1_114' title='bbox 770 1259 827 1320; x_wconf 91' lang='lat' dir='ltr'>quo</span> <span class='ocrx_word' id='word_1_115' title='bbox 842 1240 961 1302; x_wconf 90' lang='lat' dir='ltr'>consilio</span> <span class='ocrx_word' id='word_1_116' title='bbox 976 1241 1090 1300; x_wconf 88' lang='lat' dir='ltr'>servitia</span> 
     </span>
     <span class='ocr_line' id='line_1_14' title="bbox 119 1321 1090 1402; baseline 0.001 -21"><span class='ocrx_word' id='word_1_117' title='bbox 119 1323 270 1398; x_wconf 72' lang='lat' dir='ltr'>repudiet?</span> <span class='ocrx_word' id='word_1_118' title='bbox 290 1324 320 1382; x_wconf 95' lang='lat' dir='ltr'>in</span> <span class='ocrx_word' id='word_1_119' title='bbox 339 1321 413 1383; x_wconf 92' lang='lat' dir='ltr'>urbe</span> <span class='ocrx_word' id='word_1_120' title='bbox 434 1330 535 1400; x_wconf 88' lang='lat' dir='ltr'>parata</span> <span class='ocrx_word' id='word_1_121' title='bbox 550 1341 613 1384; x_wconf 90' lang='lat' dir='ltr'>esse</span> <span class='ocrx_word' id='word_1_122' title='bbox 634 1343 707 1402; x_wconf 92' lang='lat' dir='ltr'>quae</span> <span class='ocrx_word' id='word_1_123' title='bbox 725 1326 856 1384; x_wconf 90' lang='lat' dir='ltr'>iusserit:</span> <span class='ocrx_word' id='word_1_124' title='bbox 882 1343 920 1386; x_wconf 90' lang='lat' dir='ltr'>ne</span> <span class='ocrx_word' id='word_1_125' title='bbox 938 1329 1090 1384; x_wconf 83' lang='lat' dir='ltr'>cunctetur</span> 
     </span>
     <span class='ocr_line' id='line_1_15' title="bbox 68 1402 1090 1483; baseline 0.003 -22"><span class='ocrx_word' id='word_1_126' title='bbox 68 1402 109 1461; x_wconf 78' lang='lat'>45</span> <span class='ocrx_word' id='word_1_127' title='bbox 120 1407 182 1482; x_wconf 87' lang='lat' dir='ltr'>ipse</span> <span class='ocrx_word' id='word_1_128' title='bbox 193 1408 313 1483; x_wconf 90' lang='lat' dir='ltr'>propius</span> <span class='ocrx_word' id='word_1_129' title='bbox 328 1406 489 1467; x_wconf 89' lang='lat' dir='ltr'>adcedere.</span> <span class='ocrx_word' id='word_1_130' title='bbox 520 1407 571 1466; x_wconf 88' lang='lat' dir='ltr'>llis</span> <span class='ocrx_word' id='word_1_131' title='bbox 584 1407 673 1467; x_wconf 88' lang='lat' dir='ltr'>rebus</span> <span class='ocrx_word' id='word_1_132' title='bbox 689 1410 726 1467; x_wconf 90' lang='lat' dir='ltr'>ita</span> <span class='ocrx_word' id='word_1_133' title='bbox 741 1409 820 1478; x_wconf 87' lang='lat' dir='ltr'>actis,</span> <span class='ocrx_word' id='word_1_134' title='bbox 837 1410 989 1468; x_wconf 91' lang='lat' dir='ltr'>constituta</span> <span class='ocrx_word' id='word_1_135' title='bbox 1004 1412 1090 1466; x_wconf 88' lang='lat' dir='ltr'>nocte</span> 
     </span>
     <span class='ocr_line' id='line_1_16' title="bbox 120 1487 1125 1567; baseline -0.002 -19"><span class='ocrx_word' id='word_1_136' title='bbox 120 1506 175 1566; x_wconf 85' lang='lat' dir='ltr'>qua</span> <span class='ocrx_word' id='word_1_137' title='bbox 194 1489 457 1567; x_wconf 86' lang='lat' dir='ltr'>proficiscerentur,</span> <span class='ocrx_word' id='word_1_138' title='bbox 481 1490 581 1551; x_wconf 86' lang='lat' dir='ltr'>Cicero</span> <span class='ocrx_word' id='word_1_139' title='bbox 600 1491 780 1567; x_wconf 83' lang='lat' dir='ltr'>perlegales</span> <span class='ocrx_word' id='word_1_140' title='bbox 799 1497 901 1551; x_wconf 90' lang='lat' dir='ltr'>cuncta</span> <span class='ocrx_word' id='word_1_141' title='bbox 922 1490 1041 1550; x_wconf 87' lang='lat' dir='ltr'>edoctus</span> <span class='ocrx_word' id='word_1_142' title='bbox 1056 1487 1089 1547; x_wconf 89' lang='lat' dir='ltr'>L.</span> <span class='ocrx_word' id='word_1_143' title='bbox 1101 1500 1125 1539; x_wconf 73' lang='lat'>1⁵</span> 
     </span>
     <span class='ocr_line' id='line_1_17' title="bbox 118 1570 1090 1650; baseline 0 -21"><span class='ocrx_word' id='word_1_144' title='bbox 118 1570 230 1632; x_wconf 88' lang='lat' dir='ltr'>Valerio</span> <span class='ocrx_word' id='word_1_145' title='bbox 253 1572 356 1634; x_wconf 85' lang='lat' dir='ltr'>Flacco</span> <span class='ocrx_word' id='word_1_146' title='bbox 378 1582 407 1633; x_wconf 91' lang='grc'>44</span> <span class='ocrx_word' id='word_1_147' title='bbox 425 1575 458 1633; x_wconf 90' lang='lat' dir='ltr'>G.</span> <span class='ocrx_word' id='word_1_148' title='bbox 480 1573 633 1650; x_wconf 90' lang='lat' dir='ltr'>Pomptino</span> <span class='ocrx_word' id='word_1_149' title='bbox 653 1574 837 1650; x_wconf 90' lang='lat' dir='ltr'>praetoribus</span> <span class='ocrx_word' id='word_1_150' title='bbox 853 1575 988 1650; x_wconf 87' lang='lat' dir='ltr'>imperat,</span> <span class='ocrx_word' id='word_1_151' title='bbox 1006 1577 1040 1630; x_wconf 92' lang='lat' dir='ltr'>ut</span> <span class='ocrx_word' id='word_1_152' title='bbox 1060 1571 1090 1629; x_wconf 93' lang='lat' dir='ltr'>in</span> 
     </span>
     <span class='ocr_line' id='line_1_18' title="bbox 118 1652 1089 1733; baseline -0.003 -19"><span class='ocrx_word' id='word_1_153' title='bbox 118 1664 206 1731; x_wconf 90' lang='lat' dir='ltr'>ponte</span> <span class='ocrx_word' id='word_1_154' title='bbox 221 1655 326 1716; x_wconf 90' lang='lat' dir='ltr'>blulvio</span> <span class='ocrx_word' id='word_1_155' title='bbox 341 1673 395 1732; x_wconf 87' lang='lat' dir='ltr'>per</span> <span class='ocrx_word' id='word_1_156' title='bbox 409 1657 526 1717; x_wconf 88' lang='lat' dir='ltr'>insidias</span> <span class='ocrx_word' id='word_1_157' title='bbox 553 1655 742 1733; x_wconf 80' lang='lat' dir='ltr'>Allobrogum</span> <span class='ocrx_word' id='word_1_158' title='bbox 765 1657 914 1716; x_wconf 86' lang='lat' dir='ltr'>comitatus</span> <span class='ocrx_word' id='word_1_159' title='bbox 928 1652 1089 1731; x_wconf 84' lang='lat' dir='ltr'>deprehen·</span> 
     </span>
     <span class='ocr_line' id='line_1_19' title="bbox 119 1738 1088 1815; baseline -0.002 -19"><span class='ocrx_word' id='word_1_160' title='bbox 119 1738 203 1796; x_wconf 93' lang='lat' dir='ltr'>dant:</span> <span class='ocrx_word' id='word_1_161' title='bbox 220 1756 283 1797; x_wconf 90' lang='lat' dir='ltr'>rem</span> <span class='ocrx_word' id='word_1_162' title='bbox 300 1756 416 1797; x_wconf 90' lang='lat' dir='ltr'>omnem</span> <span class='ocrx_word' id='word_1_163' title='bbox 432 1741 533 1815; x_wconf 88' lang='lat' dir='ltr'>aperit,</span> <span class='ocrx_word' id='word_1_164' title='bbox 551 1740 631 1799; x_wconf 91' lang='lat' dir='ltr'>cuius</span> <span class='ocrx_word' id='word_1_165' title='bbox 651 1742 742 1815; x_wconf 86' lang='lat' dir='ltr'>gratia</span> <span class='ocrx_word' id='word_1_166' title='bbox 758 1738 960 1799; x_wconf 90' lang='lat' dir='ltr'>mittebantur:</span> <span class='ocrx_word' id='word_1_167' title='bbox 983 1744 1088 1804; x_wconf 85' lang='lat' dir='ltr'>cetera,</span> 
     </span>
     <span class='ocr_line' id='line_1_20' title="bbox 92 1819 1090 1898; baseline -0.001 -20"><span class='ocrx_word' id='word_1_168' title='bbox 92 1821 161 1880; x_wconf 75' lang='lat' dir='ltr'>auti</span> <span class='ocrx_word' id='word_1_169' title='bbox 176 1819 251 1879; x_wconf 86' lang='lat' dir='ltr'>iacto</span> <span class='ocrx_word' id='word_1_170' title='bbox 272 1837 345 1898; x_wconf 90' lang='lat' dir='ltr'>opus</span> <span class='ocrx_word' id='word_1_171' title='bbox 359 1823 403 1889; x_wconf 92' lang='lat' dir='ltr'>sit,</span> <span class='ocrx_word' id='word_1_172' title='bbox 426 1823 465 1881; x_wconf 88' lang='lat' dir='ltr'>ita</span> <span class='ocrx_word' id='word_1_173' title='bbox 486 1829 572 1898; x_wconf 83' lang='lat' dir='ltr'>agant</span> <span class='ocrx_word' id='word_1_174' title='bbox 586 1824 733 1898; x_wconf 87' lang='lat' dir='ltr'>permittit.</span> <span class='ocrx_word' id='word_1_175' title='bbox 769 1822 821 1891; x_wconf 90' lang='lat' dir='ltr'>Illi,</span> <span class='ocrx_word' id='word_1_176' title='bbox 842 1823 974 1881; x_wconf 88' lang='lat' dir='ltr'>homines</span> <span class='ocrx_word' id='word_1_177' title='bbox 987 1820 1090 1880; x_wconf 86' lang='lat' dir='ltr'>milita·</span> 
     </span>
     <span class='ocr_line' id='line_1_21' title="bbox 120 1903 1125 1982; baseline -0.001 -20"><span class='ocrx_word' id='word_1_178' title='bbox 120 1921 177 1971; x_wconf 86' lang='grc'><strong>444,</strong></span> <span class='ocrx_word' id='word_1_179' title='bbox 192 1905 254 1964; x_wconf 88' lang='grc'><strong>4144</strong></span> <span class='ocrx_word' id='word_1_180' title='bbox 264 1903 389 1964; x_wconf 91' lang='lat' dir='ltr'>tumultu</span> <span class='ocrx_word' id='word_1_181' title='bbox 400 1905 551 1982; x_wconf 87' lang='lat' dir='ltr'>praesidiis</span> <span class='ocrx_word' id='word_1_182' title='bbox 565 1906 720 1966; x_wconf 87' lang='lat' dir='ltr'>conlocatis</span> <span class='ocrx_word' id='word_1_183' title='bbox 734 1908 818 1965; x_wconf 88' lang='lat' dir='ltr'>sicuti</span> <span class='ocrx_word' id='word_1_184' title='bbox 828 1912 1015 1982; x_wconf 89' lang='lat' dir='ltr'>praeceptum</span> <span class='ocrx_word' id='word_1_185' title='bbox 1030 1910 1125 1962; x_wconf 80' lang='lat' dir='ltr'>erato</span> 
     </span>
     <span class='ocr_line' id='line_1_22' title="bbox 95 1985 1090 2066; baseline 0 -21"><span class='ocrx_word' id='word_1_186' title='bbox 95 1986 232 2047; x_wconf 85' lang='grc'><strong>30444144</strong></span> <span class='ocrx_word' id='word_1_187' title='bbox 252 1994 372 2065; x_wconf 91' lang='lat' dir='ltr'>pontem</span> <span class='ocrx_word' id='word_1_188' title='bbox 388 1988 532 2048; x_wconf 90' lang='lat' dir='ltr'>obsidunt.</span> <span class='ocrx_word' id='word_1_189' title='bbox 566 1989 722 2066; x_wconf 86' lang='lat' dir='ltr'>Postquam</span> <span class='ocrx_word' id='word_1_190' title='bbox 738 1988 773 2047; x_wconf 92' lang='lat' dir='ltr'>ad</span> <span class='ocrx_word' id='word_1_191' title='bbox 793 1988 821 2046; x_wconf 96' lang='lat' dir='ltr'>id</span> <span class='ocrx_word' id='word_1_192' title='bbox 838 1985 895 2044; x_wconf 92' lang='lat' dir='ltr'>looi</span> <span class='ocrx_word' id='word_1_193' title='bbox 918 1986 1003 2063; x_wconf 89' lang='lat' dir='ltr'>legati</span> <span class='ocrx_word' id='word_1_194' title='bbox 1025 2004 1090 2045; x_wconf 89' lang='lat' dir='ltr'>oum</span> 
     </span>
     <span class='ocr_line' id='line_1_23' title="bbox 119 2067 1092 2148; baseline -0.001 -22"><span class='ocrx_word' id='word_1_195' title='bbox 119 2069 266 2130; x_wconf 86' lang='lat' dir='ltr'>Volturcio</span> <span class='ocrx_word' id='word_1_196' title='bbox 280 2089 402 2142; x_wconf 86' lang='lat' dir='ltr'>venere,</span> <span class='ocrx_word' id='word_1_197' title='bbox 424 2070 511 2132; x_wconf 85' lang='lat' dir='ltr'>simul</span> <span class='ocrx_word' id='word_1_198' title='bbox 527 2074 675 2148; x_wconf 88' lang='lat' dir='ltr'>utrimque</span> <span class='ocrx_word' id='word_1_199' title='bbox 690 2068 801 2128; x_wconf 85' lang='lat' dir='ltr'>clamor</span> <span class='ocrx_word' id='word_1_200' title='bbox 820 2076 938 2127; x_wconf 82' lang='lat' dir='ltr'>exortus</span> <span class='ocrx_word' id='word_1_201' title='bbox 950 2075 1002 2127; x_wconf 86' lang='lat' dir='ltr'>est.</span> <span class='ocrx_word' id='word_1_202' title='bbox 1019 2067 1092 2127; x_wconf 86' lang='lat' dir='ltr'>Gabi</span> 
     </span>
     <span class='ocr_line' id='line_1_24' title="bbox 93 2148 1091 2229; baseline -0.005 -18"><span class='ocrx_word' id='word_1_203' title='bbox 93 2154 178 2212; x_wconf 89' lang='grc'><strong>44140</strong></span> <span class='ocrx_word' id='word_1_204' title='bbox 194 2155 308 2229; x_wconf 88' lang='lat' dir='ltr'>cognito</span> <span class='ocrx_word' id='word_1_205' title='bbox 323 2154 442 2214; x_wconf 90' lang='lat' dir='ltr'>consilio</span> <span class='ocrx_word' id='word_1_206' title='bbox 457 2156 519 2212; x_wconf 89' lang='lat' dir='ltr'>sine</span> <span class='ocrx_word' id='word_1_207' title='bbox 535 2170 617 2211; x_wconf 91' lang='lat' dir='ltr'>mora</span> <span class='ocrx_word' id='word_1_208' title='bbox 630 2150 814 2227; x_wconf 87' lang='lat' dir='ltr'>praetoribus</span> <span class='ocrx_word' id='word_1_209' title='bbox 828 2167 860 2209; x_wconf 90' lang='lat' dir='ltr'>se</span> <span class='ocrx_word' id='word_1_210' title='bbox 877 2150 1002 2209; x_wconf 89' lang='lat' dir='ltr'>tradunt.</span> <span class='ocrx_word' id='word_1_211' title='bbox 1025 2148 1091 2207; x_wconf 89' lang='lat' dir='ltr'>Vol·</span> 
     </span>
     <span class='ocr_line' id='line_1_25' title="bbox 119 2230 1090 2314; baseline -0.004 -20"><span class='ocrx_word' id='word_1_212' title='bbox 119 2236 230 2295; x_wconf 87' lang='lat' dir='ltr'>turcius</span> <span class='ocrx_word' id='word_1_213' title='bbox 243 2238 337 2314; x_wconf 90' lang='lat' dir='ltr'>primo</span> <span class='ocrx_word' id='word_1_214' title='bbox 354 2237 521 2298; x_wconf 88' lang='lat' dir='ltr'>cohortatus</span> <span class='ocrx_word' id='word_1_215' title='bbox 535 2243 647 2295; x_wconf 88' lang='lat' dir='ltr'>ceteros</span> <span class='ocrx_word' id='word_1_216' title='bbox 662 2231 757 2309; x_wconf 88' lang='lat' dir='ltr'>gladio</span> <span class='ocrx_word' id='word_1_217' title='bbox 772 2250 804 2292; x_wconf 88' lang='grc'>44</span> <span class='ocrx_word' id='word_1_218' title='bbox 816 2251 832 2292; x_wconf 93' lang='grc'>4</span> <span class='ocrx_word' id='word_1_219' title='bbox 843 2230 1025 2292; x_wconf 89' lang='lat' dir='ltr'>multitudine</span> <span class='ocrx_word' id='word_1_220' title='bbox 1040 2233 1090 2291; x_wconf 91' lang='lat' dir='ltr'>do·</span> 
     </span>
     <span class='ocr_line' id='line_1_26' title="bbox 120 2314 1123 2396; baseline -0.005 -19"><span class='ocrx_word' id='word_1_221' title='bbox 120 2319 221 2387; x_wconf 82' lang='lat' dir='ltr'>tendit,</span> <span class='ocrx_word' id='word_1_222' title='bbox 244 2320 347 2380; x_wconf 91' lang='lat' dir='ltr'>deinde</span> <span class='ocrx_word' id='word_1_223' title='bbox 361 2320 412 2381; x_wconf 92' lang='lat' dir='ltr'>ubi</span> <span class='ocrx_word' id='word_1_224' title='bbox 427 2337 443 2379; x_wconf 94' lang='lat' dir='ltr'>a</span> <span class='ocrx_word' id='word_1_225' title='bbox 457 2319 558 2396; x_wconf 87' lang='lat' dir='ltr'>legatis</span> <span class='ocrx_word' id='word_1_226' title='bbox 574 2318 705 2377; x_wconf 88' lang='lat' dir='ltr'>desertus</span> <span class='ocrx_word' id='word_1_227' title='bbox 721 2322 772 2384; x_wconf 90' lang='grc'><strong>444,</strong></span> <span class='ocrx_word' id='word_1_228' title='bbox 789 2314 879 2375; x_wconf 92' lang='lat' dir='ltr'>multa</span> <span class='ocrx_word' id='word_1_229' title='bbox 899 2316 980 2392; x_wconf 90' lang='lat' dir='ltr'>prius</span> <span class='ocrx_word' id='word_1_230' title='bbox 995 2316 1031 2374; x_wconf 90' lang='lat' dir='ltr'>de</span> <span class='ocrx_word' id='word_1_231' title='bbox 1045 2331 1089 2372; x_wconf 88' lang='grc'>44-</span> <span class='ocrx_word' id='word_1_232' title='bbox 1100 2327 1123 2364; x_wconf 76' lang='lat'>²⁵</span> 
     </span>
     <span class='ocr_line' id='line_1_27' title="bbox 119 2400 1089 2480; baseline -0.008 -18"><span class='ocrx_word' id='word_1_233' title='bbox 119 2402 178 2463; x_wconf 90' lang='lat' dir='ltr'>lute</span> <span class='ocrx_word' id='word_1_234' title='bbox 192 2420 244 2463; x_wconf 92' lang='lat' dir='ltr'>sua</span> <span class='ocrx_word' id='word_1_235' title='bbox 255 2402 440 2480; x_wconf 90' lang='lat' dir='ltr'>Pomptinum</span> <span class='ocrx_word' id='word_1_236' title='bbox 454 2401 622 2470; x_wconf 90' lang='lat' dir='ltr'>obtestatus,</span> <span class='ocrx_word' id='word_1_237' title='bbox 635 2400 713 2478; x_wconf 91' lang='lat' dir='ltr'>quod</span> <span class='ocrx_word' id='word_1_238' title='bbox 724 2402 749 2460; x_wconf 91' lang='grc'>41</span> <span class='ocrx_word' id='word_1_239' title='bbox 760 2406 846 2459; x_wconf 89' lang='grc'><strong>40444</strong></span> <span class='ocrx_word' id='word_1_240' title='bbox 857 2406 927 2467; x_wconf 88' lang='grc'><strong>4444,</strong></span> <span class='ocrx_word' id='word_1_241' title='bbox 944 2405 1089 2475; x_wconf 90' lang='lat' dir='ltr'>postremo</span> 
     </span>
     <span class='ocr_line' id='line_1_28' title="bbox 119 2479 1090 2558; baseline -0.007 -15"><span class='ocrx_word' id='word_1_242' title='bbox 119 2487 236 2545; x_wconf 90' lang='lat' dir='ltr'>timidus</span> <span class='ocrx_word' id='word_1_243' title='bbox 258 2503 292 2545; x_wconf 91' lang='grc'>44</span> <span class='ocrx_word' id='word_1_244' title='bbox 313 2489 387 2546; x_wconf 70' lang='lat' dir='ltr'>uitae</span> <span class='ocrx_word' id='word_1_245' title='bbox 408 2486 541 2546; x_wconf 80' lang='lat' dir='ltr'>diflidens</span> <span class='ocrx_word' id='word_1_246' title='bbox 563 2484 641 2545; x_wconf 90' lang='lat' dir='ltr'>velut</span> <span class='ocrx_word' id='word_1_247' title='bbox 668 2482 800 2543; x_wconf 89' lang='lat' dir='ltr'>hostibus</span> <span class='ocrx_word' id='word_1_248' title='bbox 821 2501 886 2543; x_wconf 91' lang='lat' dir='ltr'>sese</span> <span class='ocrx_word' id='word_1_249' title='bbox 907 2479 1090 2558; x_wconf 87' lang='lat' dir='ltr'>praetoribus</span> 
     </span>
     <span class='ocr_line' id='line_1_29' title="bbox 120 2567 198 2626; baseline -0.013 -1"><span class='ocrx_word' id='word_1_250' title='bbox 120 2567 198 2626; x_wconf 90' lang='lat' dir='ltr'>dedit</span> 
     </span>
     <span class='ocr_line' id='line_1_30' title="bbox 68 2645 1089 2720; baseline -0.009 -11"><span class='ocrx_word' id='word_1_251' title='bbox 68 2648 109 2709; x_wconf 89' lang='grc'>46</span> <span class='ocrx_word' id='word_1_252' title='bbox 203 2647 313 2718; x_wconf 83' lang='lat' dir='ltr'>Quibus</span> <span class='ocrx_word' id='word_1_253' title='bbox 327 2649 416 2708; x_wconf 91' lang='lat' dir='ltr'>rebus</span> <span class='ocrx_word' id='word_1_254' title='bbox 430 2647 568 2706; x_wconf 81' lang='lat' dir='ltr'>conlectis</span> <span class='ocrx_word' id='word_1_255' title='bbox 583 2649 678 2704; x_wconf 89' lang='lat' dir='ltr'>onmia</span> <span class='ocrx_word' id='word_1_256' title='bbox 689 2662 815 2720; x_wconf 88' lang='lat' dir='ltr'>propere</span> <span class='ocrx_word' id='word_1_257' title='bbox 826 2662 880 2719; x_wconf 91' lang='lat' dir='ltr'>per</span> <span class='ocrx_word' id='word_1_258' title='bbox 890 2645 1007 2703; x_wconf 90' lang='lat' dir='ltr'>nuntios</span> <span class='ocrx_word' id='word_1_259' title='bbox 1020 2659 1089 2701; x_wconf 91' lang='lat' dir='ltr'>con-</span> 
     </span>
     <span class='ocr_line' id='line_1_31' title="bbox 93 2723 1124 2802; baseline -0.016 -7"><span class='ocrx_word' id='word_1_260' title='bbox 93 2732 174 2795; x_wconf 80' lang='grc'><strong>44411</strong></span> <span class='ocrx_word' id='word_1_261' title='bbox 188 2730 379 2801; x_wconf 86' lang='lat' dir='ltr'>declarantur.</span> <span class='ocrx_word' id='word_1_262' title='bbox 418 2730 453 2788; x_wconf 82' lang='lat' dir='ltr'>At</span> <span class='ocrx_word' id='word_1_263' title='bbox 474 2727 554 2788; x_wconf 91' lang='lat' dir='ltr'>illum</span> <span class='ocrx_word' id='word_1_264' title='bbox 576 2728 678 2802; x_wconf 87' lang='lat' dir='ltr'>ingens</span> <span class='ocrx_word' id='word_1_265' title='bbox 695 2744 766 2786; x_wconf 88' lang='lat' dir='ltr'>cura</span> <span class='ocrx_word' id='word_1_266' title='bbox 782 2733 868 2802; x_wconf 83' lang='lat' dir='ltr'>atque</span> <span class='ocrx_word' id='word_1_267' title='bbox 885 2724 991 2786; x_wconf 90' lang='lat' dir='ltr'>laetitia</span> <span class='ocrx_word' id='word_1_268' title='bbox 1005 2723 1090 2784; x_wconf 91' lang='lat' dir='ltr'>simul</span> <span class='ocrx_word' id='word_1_269' title='bbox 1099 2740 1124 2780; x_wconf 86' lang='lat' dir='ltr'>ao</span> 
     </span>
     <span class='ocr_line' id='line_1_32' title="bbox 119 2807 1090 2891; baseline -0.008 -18"><span class='ocrx_word' id='word_1_270' title='bbox 119 2831 312 2891; x_wconf 85' lang='lat' dir='ltr'>occupavere:</span> <span class='ocrx_word' id='word_1_271' title='bbox 335 2831 402 2874; x_wconf 87' lang='lat' dir='ltr'>nam</span> <span class='ocrx_word' id='word_1_272' title='bbox 423 2810 584 2872; x_wconf 88' lang='lat' dir='ltr'>laetabatur</span> <span class='ocrx_word' id='word_1_273' title='bbox 604 2807 774 2885; x_wconf 83' lang='lat' dir='ltr'>intellegens</span> <span class='ocrx_word' id='word_1_274' title='bbox 797 2810 992 2869; x_wconf 90' lang='lat' dir='ltr'>coniuratione</span> <span class='ocrx_word' id='word_1_275' title='bbox 1009 2815 1090 2884; x_wconf 90' lang='lat' dir='ltr'>pate·</span> 
     </span>
     <span class='ocr_line' id='line_1_33' title="bbox 118 2892 1090 2973; baseline -0.01 -16"><span class='ocrx_word' id='word_1_276' title='bbox 118 2899 192 2957; x_wconf 87' lang='lat' dir='ltr'>iacta</span> <span class='ocrx_word' id='word_1_277' title='bbox 208 2898 350 2956; x_wconf 84' lang='lat' dir='ltr'>civitatem</span> <span class='ocrx_word' id='word_1_278' title='bbox 363 2894 500 2973; x_wconf 86' lang='grc'><strong>4441444114</strong></span> <span class='ocrx_word' id='word_1_279' title='bbox 515 2900 643 2969; x_wconf 89' lang='lat' dir='ltr'>ereptam</span> <span class='ocrx_word' id='word_1_280' title='bbox 665 2909 743 2962; x_wconf 90' lang='grc'><strong>4444,</strong></span> <span class='ocrx_word' id='word_1_281' title='bbox 766 2909 856 2967; x_wconf 89' lang='grc'><strong>40440</strong></span> <span class='ocrx_word' id='word_1_282' title='bbox 877 2900 974 2952; x_wconf 85' lang='lat' dir='ltr'>autem</span> <span class='ocrx_word' id='word_1_283' title='bbox 988 2892 1090 2948; x_wconf 83' lang='lat' dir='ltr'>anxius</span> 
     </span>
     <span class='ocr_line' id='line_1_34' title="bbox 120 2972 1090 3050; baseline -0.009 -10"><span class='ocrx_word' id='word_1_284' title='bbox 120 2986 182 3040; x_wconf 89' lang='lat' dir='ltr'>erat</span> <span class='ocrx_word' id='word_1_285' title='bbox 203 2977 337 3038; x_wconf 90' lang='lat' dir='ltr'>dubitans</span> <span class='ocrx_word' id='word_1_286' title='bbox 350 2980 379 3037; x_wconf 93' lang='lat' dir='ltr'>in</span> <span class='ocrx_word' id='word_1_287' title='bbox 394 2995 530 3037; x_wconf 83' lang='lat' dir='ltr'>maxumo</span> <span class='ocrx_word' id='word_1_288' title='bbox 545 2975 655 3036; x_wconf 87' lang='lat' dir='ltr'>scelere</span> <span class='ocrx_word' id='word_1_289' title='bbox 672 2977 758 3034; x_wconf 92' lang='lat' dir='ltr'>tantis</span> <span class='ocrx_word' id='word_1_290' title='bbox 775 2973 884 3034; x_wconf 87' lang='lat' dir='ltr'>civibus</span> <span class='ocrx_word' id='word_1_291' title='bbox 902 2972 1090 3050; x_wconf 87' lang='lat' dir='ltr'>deprehensis</span> 
     </span>
     <span class='ocr_line' id='line_1_35' title="bbox 120 3056 1089 3143; baseline -0.009 -20"><span class='ocrx_word' id='word_1_292' title='bbox 120 3062 187 3143; x_wconf 87' lang='lat' dir='ltr'>quid</span> <span class='ocrx_word' id='word_1_293' title='bbox 209 3061 284 3120; x_wconf 88' lang='lat' dir='ltr'>lacto</span> <span class='ocrx_word' id='word_1_294' title='bbox 300 3078 373 3139; x_wconf 92' lang='lat' dir='ltr'>opus</span> <span class='ocrx_word' id='word_1_295' title='bbox 395 3069 486 3121; x_wconf 88' lang='lat' dir='ltr'>esset:</span> <span class='ocrx_word' id='word_1_296' title='bbox 510 3077 634 3138; x_wconf 89' lang='lat' dir='ltr'>poenam</span> <span class='ocrx_word' id='word_1_297' title='bbox 650 3057 766 3118; x_wconf 91' lang='lat' dir='ltr'>illorum</span> <span class='ocrx_word' id='word_1_298' title='bbox 788 3056 843 3117; x_wconf 94' lang='lat' dir='ltr'>sibi</span> <span class='ocrx_word' id='word_1_299' title='bbox 863 3059 954 3124; x_wconf 89' lang='lat' dir='ltr'>oneri,</span> <span class='ocrx_word' id='word_1_300' title='bbox 976 3057 1089 3132; x_wconf 92' lang='lat' dir='ltr'>inpuni-</span> 
     </span>
     <span class='ocr_line' id='line_1_36' title="bbox 93 3137 1125 3222; baseline -0.011 -18"><span class='ocrx_word' id='word_1_301' title='bbox 93 3152 205 3210; x_wconf 81' lang='lat' dir='ltr'>3tatem</span> <span class='ocrx_word' id='word_1_302' title='bbox 226 3144 395 3220; x_wconf 87' lang='lat' dir='ltr'>perdundae</span> <span class='ocrx_word' id='word_1_303' title='bbox 410 3146 452 3205; x_wconf 92' lang='lat' dir='ltr'>rei</span> <span class='ocrx_word' id='word_1_304' title='bbox 467 3143 601 3222; x_wconf 87' lang='lat' dir='ltr'>pubbcae</span> <span class='ocrx_word' id='word_1_305' title='bbox 619 3143 682 3202; x_wconf 88' lang='lat' dir='ltr'>iore</span> <span class='ocrx_word' id='word_1_306' title='bbox 705 3140 850 3201; x_wconf 89' lang='lat' dir='ltr'>credebat.</span> <span class='ocrx_word' id='word_1_307' title='bbox 871 3140 963 3218; x_wconf 85' lang='lat' dir='ltr'>lgitur</span> <span class='ocrx_word' id='word_1_308' title='bbox 984 3137 1125 3197; x_wconf 80' lang='lat' dir='ltr'>confir-as</span> 
     </span>
     <span class='ocr_line' id='line_1_37' title="bbox 119 3218 1089 3297; baseline -0.015 -6"><span class='ocrx_word' id='word_1_309' title='bbox 119 3241 196 3291; x_wconf 91' lang='lat' dir='ltr'>mato</span> <span class='ocrx_word' id='word_1_310' title='bbox 212 3230 308 3288; x_wconf 89' lang='lat' dir='ltr'>animo</span> <span class='ocrx_word' id='word_1_311' title='bbox 324 3231 422 3289; x_wconf 86' lang='lat' dir='ltr'>vocari</span> <span class='ocrx_word' id='word_1_312' title='bbox 436 3228 472 3287; x_wconf 95' lang='lat' dir='ltr'>ad</span> <span class='ocrx_word' id='word_1_313' title='bbox 486 3245 550 3286; x_wconf 91' lang='lat' dir='ltr'>sese</span> <span class='ocrx_word' id='word_1_314' title='bbox 566 3226 646 3286; x_wconf 91' lang='lat' dir='ltr'>iubet</span> <span class='ocrx_word' id='word_1_315' title='bbox 660 3225 813 3284; x_wconf 87' lang='lat' dir='ltr'>Lentulum</span> <span class='ocrx_word' id='word_1_316' title='bbox 840 3223 999 3297; x_wconf 81' lang='lat' dir='ltr'>Cethegum</span> <span class='ocrx_word' id='word_1_317' title='bbox 1026 3218 1089 3278; x_wconf 92' lang='lat' dir='ltr'>Sta·</span> 
     </span>
     <span class='ocr_line' id='line_1_38' title="bbox 119 3303 1090 3386; baseline -0.013 -12"><span class='ocrx_word' id='word_1_318' title='bbox 119 3315 211 3374; x_wconf 90' lang='lat' dir='ltr'>tilium</span> <span class='ocrx_word' id='word_1_319' title='bbox 219 3310 384 3381; x_wconf 88' lang='lat' dir='ltr'>Gabinium,</span> <span class='ocrx_word' id='word_1_320' title='bbox 396 3305 695 3386; x_wconf 87' lang='lat' dir='ltr'>itemque[quendam]</span> <span class='ocrx_word' id='word_1_321' title='bbox 705 3306 880 3384; x_wconf 84' lang='lat' dir='ltr'>Caeparium</span> <span class='ocrx_word' id='word_1_322' title='bbox 899 3303 1090 3364; x_wconf 87' lang='lat' dir='ltr'>Tarracinen-</span> 
     </span>
    </p>
   </div>
   <div class='ocr_carea' id='block_1_3' title="bbox 121 3384 1090 3474">
    <p class='ocr_par' dir='ltr' id='par_1_3' title="bbox 121 3384 1090 3474">
     <span class='ocr_line' id='line_1_39' title="bbox 121 3384 1090 3474; baseline -0.013 -18"><span class='ocrx_word' id='word_1_323' title='bbox 121 3414 192 3466; x_wconf 89' lang='lat' dir='ltr'>sem,</span> <span class='ocrx_word' id='word_1_324' title='bbox 208 3399 258 3474; x_wconf 89' lang='lat' dir='ltr'>qui</span> <span class='ocrx_word' id='word_1_325' title='bbox 268 3397 297 3454; x_wconf 92' lang='lat' dir='ltr'>in</span> <span class='ocrx_word' id='word_1_326' title='bbox 308 3395 439 3472; x_wconf 76' lang='lat' dir='ltr'>Apuliam</span> <span class='ocrx_word' id='word_1_327' title='bbox 450 3393 486 3453; x_wconf 91' lang='lat' dir='ltr'>ad</span> <span class='ocrx_word' id='word_1_328' title='bbox 499 3391 668 3451; x_wconf 87' lang='lat' dir='ltr'>concitanda</span> <span class='ocrx_word' id='word_1_329' title='bbox 678 3392 793 3450; x_wconf 85' lang='lat' dir='ltr'>servitia</span> <span class='ocrx_word' id='word_1_330' title='bbox 802 3388 946 3462; x_wconf 79' lang='lat' dir='ltr'>proticisci</span> <span class='ocrx_word' id='word_1_331' title='bbox 960 3384 1090 3464; x_wconf 89' lang='lat' dir='ltr'>parabat.</span> 
     </span>
    </p>
   </div>
   <div class='ocr_carea' id='block_1_4' title="bbox 0 0 1202 3848">
    <p class='ocr_par' dir='ltr' id='par_1_4' title="bbox 0 0 1202 3848">
     <span class='ocr_line' id='line_1_40' title="bbox 0 0 1202 3848; baseline 0 0"><span class='ocrx_word' id='word_1_332' title='bbox 0 0 1202 3848; x_wconf 95' lang='lat' dir='ltr'> </span> 
     </span>
    </p>
   </div>
  </div>
 </body>
</html>
