2392 3848
150 194 188 255 10
296 213 338 254 nn
359 213 530 256 cnvrnnvan
554 215 796 260 comvnnrronn
820 216 848 260 c.
870 211 912 265 19.
932 208 975 262 20.

147 360 278 421 nondum
298 361 466 440 trequentes
482 364 587 422 armati
608 372 818 434 convenerant,
842 382 876 425 ea
899 382 947 425 res
970 366 1122 429 consilium

98 447 135 506 19
148 446 271 505 diremit.
285 445 391 506 Postea
412 445 479 505 Piso
499 446 529 506 iu
545 447 709 507 citeriorem
727 448 896 525 Hispaniam
913 455 1050 527 quaestor
1066 467 1121 526 pro

144 535 280 606 praetore
298 529 404 588 missus
424 535 468 588 ost
503 528 649 590 adnitente
664 530 782 600 Crasso,
808 531 886 610 quod
902 549 969 591 enm
985 531 1121 593 inlestum

119 613 294 672 einimicum
315 611 369 670 Gn.
385 611 525 690 Pompeio
545 621 728 690 cognoverat.
764 614 866 692 Neque
886 619 984 674 tamen
1004 622 1122 676 senatus

145 696 323 772 provinciam
338 696 444 756 invitus
465 697 599 756 dederat:
622 698 728 774 quippe
749 696 868 757 foedum
888 697 1036 758 hominem
1053 714 1070 758 a
1085 714 1139 759 res

144 777 261 856 publica
271 778 376 856 procul
388 795 451 839 esse
465 778 592 839 volebat:
607 778 693 839 simul
704 781 772 858 quia
782 779 852 840 honi
867 780 1022 857 conplures
1035 800 1120 858 prae·

144 862 249 922 sidium
270 863 301 921 in
323 878 357 920 eo
379 861 530 936 putabant,
548 868 576 922 et
591 863 648 921 iam
664 871 726 923 tum
742 866 871 942 potentia
885 864 1006 942 Pompei
1020 865 1120 925 lormi-

118 944 245 1005 -3dulosa
259 951 330 1005 erat.
362 944 413 1004 Set
428 946 452 1004 is
467 945 533 1005 Piso
548 947 577 1004 in
591 947 740 1021 provincia
758 946 794 1005 ah
816 946 961 1023 equitibus
975 946 1119 1025 llispanis,

115 1046 217 1107 equos
233 1029 295 1087 sine
313 1029 443 1087 exercitu
458 1027 595 1087 ductabat
615 1029 670 1088 iter
688 1028 806 1095 faciens,
829 1029 943 1087 occisus
962 1036 1014 1087 cst.
1048 1030 1121 1089 Sunt

144 1111 193 1188 qui
211 1111 251 1170 ita
273 1110 384 1180 dicant,
397 1110 519 1188 imperia
542 1112 605 1170 eius
625 1112 730 1171 iniusta
750 1109 877 1187 superba
900 1110 1028 1170 crudelia
1050 1111 1118 1172 har·
1130 1129 1152 1169 n

113 1191 230 1253 obavos
244 1194 409 1272 nequivisse
423 1196 497 1272 pati,
520 1192 568 1253 alii
586 1200 684 1254 autem
699 1195 810 1271 equites
824 1193 903 1262 illos,
923 1193 977 1254 Gn.
998 1194 1118 1272 Pompei

144 1286 258 1338 veteres
275 1277 408 1355 fidosque
425 1276 545 1346 clientis,
560 1276 706 1338 voluntate
720 1278 783 1338 eius
798 1276 933 1338 Pisonem
947 1278 1117 1353 adgressos:

142 1378 302 1440 numquam
313 1359 455 1437 llispanos
465 1366 615 1436 praeterea
628 1358 686 1420 tale
697 1360 809 1421 facinus
819 1359 931 1430 iecisse,
941 1368 986 1421 set
995 1363 1118 1440 imperia

142 1461 226 1505 saeva
247 1443 338 1505 multa
357 1451 441 1503 antea
458 1460 621 1521 perpessos.
665 1442 724 1502 Nos
742 1460 806 1503 eam
818 1461 884 1503 rem
904 1445 935 1503 in
951 1445 1048 1505 medio
1070 1463 1117 1505 rc·

114 1527 315 1608 elinquemus.
358 1526 400 1587 lle
418 1528 571 1603 superiore
592 1526 792 1586 coniuratione
812 1528 881 1586 satis
903 1526 1023 1586 dictum.
1129 1545 1152 1585 15

91 1619 131 1680 20
227 1610 356 1679 Catilina,
371 1609 422 1670 uhi
433 1626 492 1676 eos,
509 1625 582 1686 quos
592 1607 678 1684 paulo
691 1615 758 1668 ante
767 1610 934 1677 memoravi,
948 1611 1118 1669 convenisse

139 1695 231 1762 videt,
249 1694 365 1754 tametsi
385 1709 453 1752 cum
471 1689 593 1766 singulis
613 1691 703 1751 multa
724 1707 811 1768 saepe
832 1699 946 1768 egerat,
970 1699 1067 1752 tamen
1089 1694 1124 1752 in.

140 1794 205 1836 rem
226 1777 290 1837 fore
312 1774 435 1835 credens
454 1775 607 1834 univorsos
622 1774 768 1852 adpellare
791 1781 822 1834 et
836 1773 999 1845 cohortari,
1021 1777 1051 1835 in
1068 1775 1118 1836 ab·

141 1858 230 1919 ditum
256 1866 371 1937 partem
396 1857 513 1919 aedium
541 1858 650 1919 secedit
670 1866 756 1936 atque
777 1857 819 1918 ibi
844 1858 980 1919 omnibus
1001 1859 1119 1920 arbitris

141 1941 246 2020 procul
261 1943 365 2002 amotis
379 1941 543 2003 orationem
557 1942 677 2002 huiusce
691 1941 771 2001 modi
785 1940 903 2002 hahuit:
1128 1961 1153 2001 so

112 2040 130 2086 2
225 2026 282 2095 „Ni
296 2026 387 2086 virtus
401 2025 533 2105 lldesquc
546 2032 643 2086 vostra
655 2031 784 2102 spectata
800 2022 871 2082 mihi
886 2023 998 2092 forent,
1014 2026 1118 2103 neqni-

142 2127 229 2188 quam
243 2117 408 2190 opportuna
422 2127 472 2170 res
487 2108 654 2167 cecidisset:
676 2124 744 2184 spes
763 2121 885 2181 magna,
909 2105 1067 2167 dominatio
1088 2109 1118 2167 in

141 2191 276 2252 manibus
289 2190 398 2252 trustra
416 2190 553 2251 luissent:
567 2207 664 2267 neque
681 2205 736 2266 ego
750 2206 805 2267 per
818 2190 963 2264 ignaviam
978 2197 1028 2250 aut
1045 2207 1118 2250 vana

112 2275 256 2352 tingcnia
283 2276 394 2334 incerta
421 2291 476 2351 pro
499 2273 586 2332 certis
606 2279 763 2350 captarem.
809 2271 860 2332 Set
880 2274 947 2351 quia
968 2272 1067 2333 multis
1089 2281 1118 2333 et

139 2359 253 2436 magnis
274 2356 494 2436 tempestatibus
516 2372 568 2415 vos
585 2357 708 2432 cognovi
729 2355 813 2416 sortis
834 2355 967 2434 fidosque
981 2357 1061 2424 mihi,
1083 2372 1152 2415 eoos

139 2445 254 2504 animus
269 2457 357 2502 ausus
369 2449 413 2502 est
426 2458 597 2501 maxumum
612 2448 697 2519 atque
711 2439 933 2519 pulcerrumum
946 2438 1059 2500 lacinus
1074 2441 1118 2500 in-

141 2527 248 2602 cipere,
265 2523 349 2583 simul
361 2527 427 2602 quia
439 2523 521 2584 vobis
536 2523 639 2585 eadem
649 2541 724 2602 quae
735 2523 807 2584 mihi
816 2522 895 2583 hona
906 2522 1040 2600 malaque
1053 2540 1116 2583 esse

111 2607 276 2668 sintellexi.
297 2605 370 2666 Nam
381 2607 457 2666 idem
469 2605 543 2666 velle
561 2614 648 2684 atque
661 2607 739 2665 idem
749 2604 836 2672 nolle,
854 2623 888 2665 ea
900 2604 1018 2666 demum
1030 2607 1113 2665 firma

141 2691 265 2751 amicitia
281 2694 333 2750 est.

113 2780 130 2830 o
224 2773 274 2835 Set
294 2791 347 2852 ego
362 2790 436 2852 quae
456 2779 554 2833 mente
568 2773 680 2848 agitavi,
700 2788 801 2831 omnes
819 2771 877 2830 iam
897 2778 982 2832 antea
1008 2771 1116 2833 divorsi
1125 2792 1152 2834 ao

113 2858 268 2923 caudistis
303 2856 439 2917 Ceterum
456 2856 528 2915 mihi
548 2858 579 2915 in
600 2855 662 2916 dies
681 2855 774 2931 magis
797 2854 910 2914 animus
933 2854 1107 2916 adcenditur

140 2960 207 3003 cum
230 2940 398 3008 considero,
415 2956 489 3017 quac
511 2937 637 2997 conditio
651 2939 726 2997 vitae
741 2934 839 2998 lutura
854 2938 907 3003 sit,
925 2938 981 2996 nisi
1001 2946 1117 2998 nosmet

113 3027 194 3103 aipsi
208 3024 386 3084 vindicamus
403 3022 433 3081 in
454 3020 628 3080 libertatem.
660 3020 735 3080 Nam
751 3024 906 3097 postquam
927 3036 977 3079 res
999 3019 1117 3097 publica

140 3110 170 3168 in
184 3122 347 3186 paucorum
364 3105 527 3183 potentium
542 3105 587 3163 ius
603 3108 689 3182 atque
706 3103 850 3163 dicionem
863 3104 1022 3171 concessit,
1040 3119 1116 3163 sem·

140 3210 194 3267 per
217 3189 271 3251 illis
292 3205 378 3266 reges
399 3187 564 3248 tetrarchae
585 3185 739 3265 vectigales
757 3203 837 3255 esse,
860 3184 960 3264 populi
982 3186 1116 3245 nationes
1126 3207 1151 3248 as

139 3273 280 3351 stipendia
294 3271 440 3351 pendere:
455 3272 544 3331 ceteri
559 3288 660 3330 onmes
681 3270 794 3331 strenui
804 3267 883 3338 boni,
901 3266 1014 3328 nobiles
1028 3273 1116 3344 atque

140 3357 293 3431 ignobiles,
316 3353 418 3432 volgus
438 3353 545 3414 inimus
564 3355 627 3414 sine
647 3354 754 3430 gratia,
783 3352 845 3412 sinc
865 3351 1051 3418 auctoritate,
1075 3350 1117 3410 eis

140 3439 267 3511 obnoxii,
290 3439 403 3519 quihus,
428 3438 452 3499 si
471 3435 650 3518 respublica
664 3436 782 3506 valeret,
804 3434 956 3495 formidini
974 3451 1117 3500 essemus,
