2392 3848
263 179 306 219 na
328 176 431 219 acano
454 176 654 221 rvcvareruo
679 175 707 218 c.
730 168 772 222 28.
794 169 837 222 29.
856 169 897 223 30.
1027 156 1069 218 55

24 372 28 377 .
92 341 121 386 et
134 325 235 386 babitu
249 343 338 402 supra
352 326 586 387 memoravimus.
615 326 689 387 Nam
705 327 735 386 in
746 324 866 385 consule
880 332 981 385 nostro
994 323 1097 386 mul-5

90 407 383 485 taebonaequeartes
395 419 424 471 et
435 412 526 472 animi
534 411 703 486 etcorporis
714 415 807 476 erant,
817 424 890 486 quas
899 411 993 469 omnis
1003 425 1069 468 ava·

90 493 156 552 ritia
170 491 393 570 praepediebat:
407 494 519 570 patiens
534 492 678 561 laborum,
693 493 754 553 acri
769 493 895 570 ingenio,
922 493 991 553 satis
1002 508 1072 568 pro·

91 576 201 645 videns,
223 575 293 637 belli
312 573 384 636 haut
406 577 535 653 ignarus,
554 577 748 637 firmissumus
770 582 870 636 contra
890 574 1020 653 pericula
1043 580 1072 635 et

69 660 218 720 ainsidias.
262 658 313 720 Set
332 658 464 735 legiones
481 678 536 738 per
550 659 662 720 ltaliam
677 659 800 735 llcgium
824 665 912 737 atque
940 659 1007 720 inde
1028 658 1097 720 Sin

93 741 196 811 ciliam,
215 760 306 819 porro
324 760 360 801 ex
376 741 471 802 Sicilia
487 745 518 802 in
532 743 659 803 Africam
679 747 867 802 transvectae.
900 743 992 818 Igitur
1007 740 1096 802 Cal-7

92 827 216 902 purnius
230 824 310 885 initio
328 825 436 900 paratis
450 824 650 885 conmeatibus
664 826 770 884 acriter
779 823 944 884 Numidiam
960 827 1072 902 ingres·

93 926 143 968 sus
158 915 202 970 est
215 906 380 985 multosque
396 907 527 968 mortalis
541 914 570 968 et
586 907 669 968 urbis
684 906 793 985 aliquot
806 908 964 983 pugnando
986 908 1071 984 cepit.

95 991 146 1051 Set
156 991 208 1052 ubi
221 990 361 1068 Iugurtha
371 1008 426 1068 per
439 990 551 1068 legatos
560 993 685 1070 pecunia
695 997 837 1068 temptare
849 989 984 1070 bellique,
995 990 1074 1070 quod
1082 987 1123 1051 29

60 1098 85 1140 ro
94 1072 323 1144 administrabat,
341 1075 529 1152 asperitatem
546 1075 701 1136 ostendere
717 1076 827 1151 coepit,
850 1075 964 1135 animus
985 1090 1074 1151 aeger

94 1159 212 1219 avaritia
228 1157 313 1218 facile
328 1175 488 1219 convorsus
510 1165 562 1219 est.
598 1157 735 1220 Ceterum
749 1160 845 1219 socius
860 1164 889 1219 et
906 1157 1100 1219 administera

95 1243 224 1302 omnium
242 1239 430 1302 consiliorum
446 1241 607 1302 adsumitur
617 1242 760 1310 Scaurus,
773 1243 822 1320 qui
833 1244 948 1303 tametsi
962 1260 979 1302 a
994 1243 1074 1320 priu-

96 1327 171 1403 cipio
186 1324 334 1403 plerisque
356 1343 392 1385 ex
413 1324 538 1385 factione
553 1327 615 1385 eius
631 1326 781 1402 corruptis
800 1342 955 1387 acerrume
973 1341 1075 1403 regem

96 1411 317 1486 impugnaverat,
332 1413 428 1469 tamen
442 1409 639 1486 magnitudine
654 1409 796 1486 pecuniae
814 1407 923 1467 abono
937 1407 1075 1468 bonesto-

63 1518 86 1558 ra
97 1511 154 1571 que
169 1493 200 1552 in
216 1508 337 1570 pravom
358 1489 522 1552 abstractus
540 1499 593 1552 est.
626 1491 676 1552 Set
690 1489 831 1567 lugurtba
845 1492 941 1568 primo
962 1497 1101 1552 tantuma

96 1575 184 1636 modo
201 1574 270 1636 belli
286 1592 398 1637 moram
413 1575 590 1645 redimebat,
607 1576 785 1636 existumans
800 1591 864 1635 sese
880 1574 988 1652 aliquid
1002 1576 1075 1635 inte·

97 1662 153 1720 rim
167 1658 278 1720 llomae
295 1661 389 1736 pretio
405 1667 455 1720 aut
469 1661 561 1738 gratia
577 1659 763 1721 effecturum:
786 1665 887 1735 postea
902 1677 972 1719 vero
988 1676 1076 1738 quam

97 1744 269 1822 participem
286 1745 385 1819 negoti
403 1743 547 1803 Scaurum
563 1743 683 1821 accepit,
697 1744 727 1803 in
741 1759 907 1803 maxumam
926 1760 1009 1820 spem
1025 1741 1076 1802 ad·

98 1827 204 1887 ductus
226 1825 446 1904 recuperandae
467 1828 564 1903 pacis,
595 1827 694 1886 statuit
720 1843 787 1886 cum
813 1827 854 1886 eis
882 1826 919 1886 de
941 1824 1077 1885 omnibus

64 1929 90 1971 ro
98 1908 282 1989 pactionibus
304 1926 444 1987 praesens
463 1925 559 1985 agere.
606 1908 741 1969 Ceterum
761 1910 873 1968 interea
892 1908 960 1968 fidei
991 1912 1104 1968 caused

99 1994 222 2054 mittitur
244 2011 260 2052 a
282 1991 402 2053 consule
419 1992 534 2053 Sextius
557 1998 694 2071 quaestor
716 1993 746 2051 in
766 1991 906 2068 oppidum
920 1990 1078 2068 Iugurthae

98 2076 223 2152 Vagam:
253 2077 337 2138 cuius
362 2076 408 2136 rei
436 2077 549 2155 species
576 2082 641 2135 erat
662 2075 793 2152 acceptio
817 2073 971 2143 frumenti,
1000 2073 1079 2153 qnod

100 2159 274 2237 Calpurnius
292 2158 389 2237 palam
410 2159 512 2237 legatis
534 2160 739 2236 imperauerat,
765 2159 903 2235 quoniam
926 2158 1079 2219 deditionis

100 2260 182 2304 mora
199 2242 332 2303 induciae
347 2242 540 2318 agitabantur.
572 2241 665 2316 Igitur
678 2258 746 2309 rex,
769 2242 812 2300 uti
831 2244 1030 2308 constituerat,
1046 2242 1107 2301 inb

65 2334 200 2390 ascastra
213 2327 291 2385 venit
307 2343 341 2384 ac
361 2342 454 2401 pauca
475 2325 621 2402 praesenti
642 2323 761 2383 consilio
779 2321 895 2384 locutus
916 2325 952 2384 de
974 2323 1080 2384 invidia

10 2408 17 2419 ‘
100 2411 170 2469 lacti
183 2409 229 2468 sui
251 2415 338 2486 atque
359 2409 401 2468 uti
423 2409 453 2467 in
472 2406 649 2467 deditionem
666 2407 862 2483 acciperetur,
886 2405 997 2467 relicua
1013 2424 1080 2468 cum

101 2492 198 2552 Bestia
219 2497 248 2551 et
268 2489 380 2551 Scauro
402 2499 516 2551 secreta
535 2489 681 2566 transigit:
705 2488 771 2548 dein
794 2495 913 2566 postero
931 2491 977 2552 die
998 2493 1081 2570 quasi

15 2614 19 2621 ·
101 2593 156 2653 per
176 2581 306 2635 saturam
332 2575 482 2637 sententiis
503 2573 651 2651 exquisitis
673 2574 702 2631 in
723 2570 900 2633 deditionem
929 2575 1078 2652 accipitur.

18 2682 21 2687 ·
103 2660 169 2729 Set,
183 2659 226 2719 uti
239 2676 295 2736 pro
313 2658 433 2720 consilio
444 2661 622 2738 imperatum
633 2661 704 2726 erat,
721 2656 867 2734 elephanti
886 2658 1012 2736 triginta,
1029 2660 1107 2734 pao

67 2747 259 2820 accusatque
282 2743 350 2820 equi
368 2740 452 2802 multi
466 2759 533 2802 cum
547 2757 639 2817 parvo
659 2742 773 2817 argenti
785 2739 918 2819 pondere
935 2741 1083 2819 quaestori

102 2825 270 2886 traduntur.
317 2823 490 2903 Calpurnius
516 2824 640 2885 Romam
665 2824 702 2884 ad
727 2824 913 2902 magistratus
934 2823 1106 2900 rogandosr

13 2930 20 2965 ι
103 2908 307 2987 proficiscitur.
333 2909 367 2969 ln
377 2907 511 2974 Numidia
531 2915 560 2968 et
576 2908 705 2970 exercitu
718 2914 819 2969 nostro
833 2925 888 2986 pax
907 2906 1080 2984 agitabatur.

11 2996 23 3120 p
187 2991 345 3069 Postquam
364 3010 412 3053 res
432 2994 462 3052 in
479 2992 575 3053 Africa
595 2997 691 3068 gestas
706 3009 822 3071 quoque
838 2991 926 3052 modo
941 2997 1022 3052 actae
1038 2990 1082 3050 io·
1092 2986 1132 3047 30

16 3140 20 3145 ,
105 3081 172 3138 rent
188 3073 264 3134 lama
286 3074 454 3152 divolgavit,
471 3075 581 3136 Romae
602 3090 657 3150 per
675 3076 770 3135 omnis
785 3073 866 3134 locos
881 3080 909 3134 et
924 3080 1083 3134 conventus

16 3192 25 3263 ἰ
71 3181 97 3222 aa
106 3160 143 3221 de
155 3158 233 3219 lacto
248 3156 375 3218 consulis
384 3158 496 3234 agitari.
519 3157 604 3235 Apud
618 3155 735 3234 plebem
750 3158 846 3233 gravis
857 3157 971 3226 invidia,
983 3163 1083 3234 patres

106 3242 220 3303 solliciti
241 3250 339 3301 erant:
359 3239 558 3319 probarentne
577 3245 688 3299 tantum
708 3238 849 3317 flagitium
871 3257 908 3299 an
930 3239 1083 3299 decretum

107 3323 235 3386 consulis
255 3323 461 3388 subverterent
482 3341 587 3402 parum
609 3320 770 3383 constabat.
812 3323 854 3383 Ac
872 3338 1008 3383 maxume
1031 3329 1108 3383 eos2

106 3408 234 3487 potentia
250 3406 361 3478 Scauri,
384 3408 461 3488 quod
480 3409 505 3470 is
522 3412 623 3468 auctor
642 3413 671 3466 et
686 3407 782 3465 socius
796 3405 909 3466 Bestiae
925 3405 1086 3473 ferebatur,
