2392 3848
131 153 169 216 84
305 171 468 214 ocaeano
490 171 691 215 rvevnrnrno
715 173 742 215 c.
768 162 811 219 77.
828 165 872 219 tt.
894 164 937 219 to.

132 327 224 382 semet
246 322 304 396 igni
327 328 533 397 conrumpunt,
559 328 588 382 et
608 339 680 400 quas
702 323 768 381 victi
788 321 823 381 ab
846 321 979 381 hostibus
1003 338 1112 398 poenas

133 410 305 473 metuerant,
330 421 379 464 eas
400 404 455 480 ipsi
477 403 606 465 volentes
627 404 803 484 pependere.
1123 432 1126 437 ²

82 485 122 544 77
218 487 269 549 Set
290 489 400 566 pariter
422 504 489 547 cum
511 494 595 566 capta
617 487 707 548 Thala
735 488 822 565 legati
845 506 880 547 ex
901 487 1008 568 oppido
1029 487 1114 568 Lepti

133 573 169 633 ad
188 569 336 632 Metellum
349 577 497 641 venerant,
521 578 646 639 orantes,
663 573 705 631 uti
724 572 900 648 praesidium
916 569 1111 648 praefectum-

134 675 190 734 que
207 674 241 716 eo
256 656 396 714 mitteret:
412 653 606 716 Hamilcarem
630 655 789 733 quendam,
808 654 957 714 hominem
982 653 1131 717 nobilema

134 739 302 806 factiosum,
325 738 406 797 novis
428 736 518 799 rebus
533 739 672 806 studere,¹
684 739 839 800 advorsum
856 757 943 818 quem
958 737 1111 817 nequeim·

134 824 215 898 peria
236 823 457 899 magistratuum
479 839 575 900 neque
589 823 669 899 leges
684 823 828 884 valerent:
851 825 881 882 ni
902 823 932 882 id
953 821 1111 890 festinaret,

109 908 165 969 oin
180 923 294 966 summo
309 903 441 983 periculo
453 922 537 966 suam
551 905 687 975 salutem,
703 907 820 968 illorum
837 908 932 966 socios
943 905 1014 965 fore.
1038 905 1113 965 Nam

136 990 279 1070 Leptitani
294 991 352 1049 iam
366 988 435 1048 inde
451 1006 467 1048 a
481 990 625 1079 principio
635 989 710 1050 hetti
725 988 917 1071 [Iugurthini]
933 990 969 1049 ad
986 989 1112 1049 Bestiam

137 1072 287 1133 consulem
302 1081 331 1132 et
343 1079 445 1150 postea
465 1071 588 1134 Romam
609 1075 747 1134 miserant
763 1075 916 1134 amicitiam
931 1074 1111 1133 societatem·
1124 1099 1149 1137 ro

110 1173 193 1234 aque
208 1163 352 1233 rogatum.
381 1155 507 1224 Deinde,
531 1156 582 1217 uhi
598 1176 631 1218 ea
646 1159 804 1233 inpetrata,
827 1175 943 1234 semper
957 1155 1027 1216 honi
1040 1156 1111 1216 lide·

134 1239 236 1317 lesque
256 1256 390 1299 mansere
409 1245 438 1300 et
458 1248 562 1300 cuncta
584 1257 600 1298 a
622 1240 732 1309 Bestia,
756 1239 860 1300 hlhino
881 1239 1112 1319 ltletelloqueim·

136 1330 237 1401 perata
263 1341 336 1384 nave
359 1322 498 1384 fecerant.
545 1323 646 1403 ltaque
664 1324 701 1385 ah
723 1325 900 1405 imperatore
926 1323 1010 1384 facile
1037 1342 1112 1402 quac

136 1406 274 1484 petebant
294 1407 399 1486 adepti.
443 1406 572 1469 Emissae
594 1425 629 1467 eo
653 1408 789 1468 cohortes
810 1409 952 1485 Ligurum
975 1414 1111 1485 quattuor

137 1497 165 1550 et
180 1491 213 1551 G.
231 1492 342 1552 Annius
354 1491 528 1570 praefectus.
1123 1515 1147 1554 ra

86 1583 125 1646 78
220 1575 252 1636 ld
268 1575 407 1654 oppidum
422 1575 458 1635 ab
477 1575 601 1638 Sidoniis
616 1576 765 1637 conditum
780 1582 837 1643 est,
861 1591 933 1652 quos
947 1574 1114 1650 accepimus
1136 1593 1138 1597 ’

136 1657 277 1736 profugos
299 1658 336 1719 oh
357 1658 516 1720 discordias
538 1659 626 1721 civilis
641 1660 764 1721 navibus
778 1660 808 1718 in
827 1675 876 1719 eos
892 1656 974 1717 locos
988 1658 1111 1725 venisse,

138 1749 267 1802 ceterum
283 1744 368 1802 situm
387 1743 462 1802 inter
482 1742 555 1803 duas
572 1743 671 1823 Syrtis
694 1743 799 1822 quihus
820 1758 929 1801 nomen
953 1758 988 1800 ex
1014 1758 1047 1800 re
1069 1742 1112 1800 in·

110 1824 237 1898 oditum.
261 1825 336 1885 Nam
348 1824 406 1886 duo
423 1832 493 1886 sunt
510 1827 591 1888 sinus
606 1844 699 1905 prope
717 1828 747 1887 in
763 1833 893 1888 extrema
907 1824 1014 1893 Airita,
1031 1825 1113 1901 inpa-

136 1926 184 1969 res
195 1909 402 1987 magnitudine,
414 1910 478 1987 pari
488 1917 608 1972 natura:
626 1929 752 1989 quorum
762 1926 906 1988 proxuma
918 1913 1016 1968 terrae
1028 1924 1112 1986 prae·
1124 1934 1148 1974 ao

138 1991 194 2052 alta
217 2001 293 2062 sunt,
317 2000 423 2062 cetera,
446 1995 488 2054 uti
502 1993 564 2054 fors
580 1994 654 2064 tulit,
670 1993 727 2055 alta
743 1994 807 2061 alia,
826 1991 879 2052 alia
897 1993 1113 2069 intempestate

111 2077 252 2143 aradosa.
271 2077 344 2137 Nam
355 2075 406 2137 uhi
415 2094 496 2138 mare
508 2094 648 2155 magnum
663 2096 725 2138 esse
737 2088 765 2137 et
780 2076 891 2137 saevire
906 2075 999 2136 ventis
1008 2074 1111 2151 eoepit,

136 2159 238 2219 limum
259 2160 458 2237 harenamque
486 2166 515 2220 ct
538 2178 607 2222 saxa
633 2162 760 2238 ingentia
787 2160 894 2220 fluctus
913 2157 1049 2218 trahunt:
1074 2156 1112 2216 ita

137 2241 225 2302 facies
239 2241 372 2304 locorum
387 2260 454 2303 cum
467 2245 560 2304 ventis
574 2243 660 2304 simul
674 2250 812 2306 mutatur.
850 2242 950 2322 Syrtes
967 2240 1003 2301 ab
1020 2249 1114 2302 tractu

110 2328 310 2395 anominatae.
350 2327 420 2388 Eius
452 2327 571 2388 civitatis
592 2327 690 2407 lingua
713 2327 800 2389 modo
823 2342 965 2387 convorsa
986 2324 1146 2389 conubioaa

135 2409 340 2482 Numidarum,
362 2411 461 2488 legum
482 2409 635 2491 cultusque
651 2411 793 2492 pleraque
809 2409 960 2476 Sidonica,
984 2427 1059 2487 quae
1078 2425 1114 2468 eo

135 2492 248 2557 facilius
266 2496 446 2565 retinebant,
472 2495 550 2575 quod
572 2495 676 2575 procul
697 2495 734 2557 ab
744 2494 868 2573 imperio
890 2494 969 2568 regis
991 2499 1114 2553 aetatem

135 2579 270 2719 lagebant.
298 2580 377 2640 lnter
394 2577 458 2638 illos
472 2586 501 2638 et
514 2580 698 2658 frequentem
711 2578 877 2640 Numidiam
891 2575 974 2637 multi
984 2577 1114 2653 vastique

147 2663 192 2722 eci
214 2670 305 2734 erant,

85 2757 124 2818 '19
220 2747 270 2809 Set
285 2747 421 2827 quoniam
435 2747 466 2806 in
481 2763 530 2807 eas
544 2746 679 2823 regiones
693 2763 747 2826 per
763 2745 983 2824 Leptitanorum
998 2743 1148 2821 negotiare

136 2831 282 2900 venimus,
303 2848 362 2889 non
384 2829 536 2907 indignum
557 2829 671 2890 ridetur
693 2831 844 2906 egregium
865 2834 952 2904 atque
969 2844 1114 2887 memera-

135 2910 193 2971 hile
211 2912 322 2973 facinus
337 2910 463 2971 duorum
478 2910 758 2988 Carthaginiensium
774 2926 953 2970 memorare:
971 2926 1035 2969 eam
1050 2927 1114 2968 rem

110 2993 219 3076 2[nos]
232 2994 315 3056 locus
330 2993 487 3055 admonuit.
517 2993 580 3067 Qua
597 3000 768 3071 tempestate
783 2991 1039 3071 Carthaginienses
1053 2990 1114 3070 ple·

136 3096 227 3157 raque
241 3078 339 3141 Africa
346 3077 561 3156 imperitabant,
578 3078 760 3140 Curenenses
775 3095 892 3157 quoque
910 3078 1009 3154 magni
1027 3083 1114 3154 atque

38 3170 44 3187 '
110 3163 268 3241 3oputentt
292 3162 384 3224 luere.
432 3163 510 3241 Ager
538 3165 569 3224 ln
590 3163 687 3225 medio
710 3162 892 3230 harenosus,
919 3178 979 3222 una
1000 3159 1143 3236 speciezae

136 3264 232 3326 neque
253 3247 362 3308 flumen
383 3263 480 3325 neque
500 3264 585 3307 mons
606 3255 683 3317 erat,
711 3248 760 3327 qui
781 3247 846 3307 linis
874 3261 977 3306 eorum
1004 3242 1112 3302 discer-

136 3339 228 3392 neret.
247 3333 386 3406 Quaeres
408 3347 459 3390 eos
468 3331 498 3390 in
510 3347 617 3407 magno
629 3330 825 3410 diuturnoque
835 3327 912 3390 hello
926 3327 1001 3388 inter
1015 3343 1047 3387 se
1061 3325 1113 3387 ha·

110 3412 208 3478 abuit.
229 3414 387 3492 Postquam
400 3415 548 3492 utrimque
558 3413 704 3491 legiones,
721 3415 790 3476 item
807 3412 914 3475 classes
930 3428 1017 3490 saepe
1032 3411 1115 3474 fusae

118 3493 313 3571 mgataeque,
339 3505 371 3557 et
388 3496 474 3559 alteri
493 3496 601 3559 alteros
620 3497 799 3580 aliquantum
821 3495 1007 3565 admiserant,
1030 3498 1112 3557 veriti
