2392 3848
306 203 348 242 ne
370 203 471 244 nanno
496 201 696 247 rvcverrrmo
719 204 746 246 o.
764 195 808 252 79.
829 197 873 251 80.
1040 187 1080 251 85

101 368 138 409 ne
152 367 220 409 mox
236 351 326 410 victos
347 351 530 428 victoresque
551 351 681 413 delessos
702 351 774 413 alius
790 351 1009 429 adgrederetur,
1026 373 1081 432 per

101 433 225 493 indutias
241 434 425 510 sponsionem
447 434 570 506 faciunt,
593 437 636 497 uti
654 442 734 496 certo
749 436 796 496 die
808 433 895 512 legati
910 437 996 498 domo
1011 455 1080 514 pro-

101 517 316 577 ficiscerentur:
333 535 391 595 qno
407 518 437 577 in
450 517 516 578 loco
531 521 607 581 inter
621 537 653 580 se
669 520 745 580 obvii
756 518 887 590 luissent,
905 522 929 581 is
949 538 1079 580 eommu-

101 602 145 659 nis
159 600 311 679 utriusque
327 600 429 678 populi
443 602 508 662 finis
526 602 695 665 haberetur.
728 603 819 680 Igitur
831 602 1005 681 Carthagine
1020 603 1105 663 duos

78 683 206 744 alratves
220 684 309 753 missi,
326 682 432 762 quibus
448 703 555 747 nomen
569 686 719 746 'Philaenis
735 691 806 755 erat,
820 695 1005 749 maturavere
1025 689 1080 747 iter

100 783 240 844 pergere:
263 765 446 828 Curenenses
466 770 577 830 tardius
601 771 671 831 iere.
715 769 748 830 ld
765 770 937 830 socordiane
957 788 994 831 an
1010 788 1079 831 casu

100 850 247 920 acciderit,
266 867 373 928 parum
395 853 527 928 cognovi.
561 852 696 914 Ceterum
715 851 789 912 solet
803 853 833 912 in
848 851 903 913 illis
917 852 989 913 locis
1006 859 1105 916 tem-6

101 940 197 1012 postas
217 933 288 995 haut
306 951 391 996 secus
413 942 500 1013 atque
525 938 555 997 in
577 937 651 997 mari
673 938 810 998 retinere.
860 935 934 1009 Nam
955 935 1007 997 uhi
1026 954 1080 1014 per

100 1017 163 1080 loca
185 1017 316 1097 aequalia
338 1024 367 1080 et
386 1020 465 1080 nuda
481 1021 661 1098 gignentium
675 1026 785 1082 ventus
807 1026 926 1080 coortus
939 1019 1080 1081 harenam

69 1101 190 1162 nhnmo
209 1102 349 1172 excitavit,
374 1121 408 1164 ea
426 1119 533 1180 magna
547 1105 574 1164 vl
590 1105 694 1181 agitata
711 1122 762 1164 ora
785 1103 945 1182 oculosque
967 1104 1080 1183 inplere

100 1185 181 1256 solet,
204 1187 243 1246 ita
262 1194 421 1267 prospectu
439 1188 567 1266 inpedito
583 1190 693 1249 morari
714 1189 778 1248 iter.
814 1186 972 1266 Postquam
990 1188 1105 1250 Cure-7

100 1286 206 1337 nenses
221 1268 368 1348 aliquanto
385 1273 563 1349 posteriores
583 1290 614 1332 se
635 1289 698 1332 esse
717 1271 814 1332 vident
836 1277 865 1333 et
879 1271 916 1331 ob
931 1289 995 1333 rem
1011 1289 1079 1332 cou-

101 1359 217 1431 ruptam
229 1353 307 1414 dumi
317 1370 427 1432 poenas
440 1359 582 1425 metuunt,
599 1355 747 1415 criminari
758 1353 1002 1432 Carthaginiensis
1014 1362 1080 1415 ante

101 1446 215 1516 tempus
226 1437 313 1497 domo
325 1436 479 1515 digressos,
489 1437 744 1506 conturbarerem,
752 1436 878 1514 denique
888 1438 984 1498 omnia
995 1437 1080 1498 malle

69 1545 91 1582 n
102 1540 188 1600 quam
204 1521 271 1581 victi
285 1518 375 1582 abire.
400 1520 451 1582 Set
466 1539 533 1582 cum
544 1522 634 1583 Poeni
649 1521 734 1582 aliam
750 1521 954 1591 conditionem,
968 1527 1107 1582 tantuma

102 1605 188 1664 modo
203 1622 340 1683 aequam,
356 1611 506 1683 peterent,
523 1605 627 1666 Gracci
639 1605 787 1683 optionem
802 1603 1082 1682 Carthaginiensium

103 1689 224 1755 laciunt,
247 1695 281 1748 ut
294 1687 340 1749 vel
356 1687 409 1758 illi,
434 1707 507 1768 quos
524 1688 587 1749 huis
608 1687 717 1768 populo
739 1706 792 1749 suo
806 1693 950 1768 peterent,
974 1687 1013 1748 ibi
1028 1690 1082 1748 vivi
1170 1694 1176 1709 ³

103 1771 316 1840 obruerentur,
338 1772 384 1832 vel
412 1772 514 1833 eadem
542 1773 706 1834 conditione
733 1790 798 1834 sese
820 1789 908 1850 quem
930 1773 960 1831 in
984 1770 1081 1832 locum

103 1853 210 1915 vellent
225 1871 427 1933 processuros.
467 1855 598 1917 Philaeni
617 1856 781 1916 conditione
795 1854 919 1933 probata
933 1873 1023 1933 seque
1043 1857 1109 1915 via

68 1945 221 2016 notamque
249 1954 332 2000 suam
359 1941 403 2001 rei
431 1939 566 2018 publicae
592 1939 808 1999 condonavere:
831 1940 869 1997 ila
891 1939 945 1998 vivi
974 1936 1079 1999 obruti.

101 2021 352 2100 Carthaginienses
378 2024 407 2083 in
435 2040 469 2084 eo
496 2023 561 2084 loco
583 2021 728 2083 Philaenis
753 2020 892 2083 iratribus
923 2038 989 2082 aras
1011 2031 1124 2082 con-10

101 2123 267 2175 secrevere,
285 2107 390 2186 aliique
403 2106 458 2167 illis
473 2107 550 2167 domi
565 2107 693 2167 honores
708 2107 837 2166 instituti.
864 2104 949 2166 Nunc
964 2105 999 2164 ad
1018 2123 1081 2166 rem

101 2190 199 2250 redeo.

186 2272 325 2350 Iugurtha
339 2280 493 2352 postquam
505 2275 608 2334 amissa
619 2272 709 2334 Thala
722 2272 792 2333 nihil
805 2274 873 2333 satis
885 2273 1002 2333 firmum
1014 2290 1081 2331 con-
1093 2273 1132 2334 80

70 2381 92 2420 25
104 2363 148 2415 tra
162 2354 309 2416 ltletellnm
323 2362 413 2432 putat,
431 2373 617 2434 permagnos
632 2355 801 2416 solitudines
817 2373 884 2415 eum
899 2356 999 2431 paucis
1013 2372 1082 2431 pro·

104 2440 196 2500 lectus
210 2440 342 2517 pervenit
363 2437 399 2497 ad
423 2439 568 2509 Gaetulos,
591 2455 684 2516 genus
699 2438 851 2498 hominum
874 2437 969 2498 lerum
990 2437 1082 2498 moul-

104 2530 224 2599 tnmque
246 2530 275 2582 et
297 2539 333 2581 oo
353 2528 487 2601 tempore
508 2523 641 2599 ignarum
662 2521 787 2582 nominis
804 2521 935 2582 Romani.
970 2520 1107 2582 Eoruma

103 2604 317 2667 multitudinem
332 2607 362 2665 in
377 2623 470 2667 unum
485 2608 562 2684 cogit
575 2625 609 2666 ac
619 2606 757 2686 paulatim
772 2605 949 2666 consuefacit
965 2604 1082 2664 ordines

104 2689 222 2757 habere,
244 2690 325 2766 signa
342 2691 597 2768 sequiimperium
613 2689 779 2758 observare,
794 2690 863 2748 item
878 2687 932 2747 alia
947 2687 1080 2749 militaria

69 2773 210 2836 aolaoere.
250 2771 407 2834 Praeterea
428 2773 507 2850 regis
523 2773 632 2833 Bocchi
657 2788 819 2851 proxumos
844 2772 958 2847 magnis
978 2781 1107 2831 mune-3

104 2854 185 2915 ribus
208 2861 236 2916 et
250 2855 410 2916 maioribus
430 2857 580 2933 promissis
595 2856 631 2916 ad
645 2856 773 2916 studium
784 2856 829 2917 sui
844 2854 992 2932 perducit,
1019 2855 1082 2932 quis

103 2937 285 2999 adiutoribus
304 2955 406 3016 regem
428 2939 584 3015 adgressus
604 2938 729 3018 inpellit,
758 2941 801 2999 uti
817 2939 956 3000 advorsus
974 2936 1082 2998 Roma-

104 3038 158 3080 nos
179 3020 290 3080 bellum
305 3022 430 3098 incipiat.
475 3023 508 3083 ld
525 3042 558 3083 ea
581 3025 672 3098 gratia
693 3020 804 3082 facilius
825 3023 1005 3100 proniusque
1020 3019 1111 3087 luite

104 3103 182 3183 quod
204 3102 340 3163 Bocchus
358 3106 439 3165 initio
460 3105 582 3165 huiusce
602 3105 671 3165 belli
692 3103 803 3182 legatos
820 3103 942 3164 Romam
965 3104 1084 3163 miserat

71 3185 206 3250 asloedus
229 3193 259 3248 et
281 3187 434 3247 amicitiam
456 3189 592 3266 petitum:
615 3204 701 3266 qrram
719 3204 781 3246 rom
797 3188 1110 3266 opportunissumamo

103 3272 219 3352 incepto
234 3268 312 3330 bello
328 3272 414 3349 pauci
430 3271 638 3350 inpedivorant,
656 3273 734 3332 caeci
753 3272 881 3340 avaritia,
898 3271 962 3348 quis
977 3270 1081 3339 omnia,

102 3354 224 3414 honesta
248 3354 521 3433 atqueinhonesta,
542 3353 752 3415 venderemus
775 3360 845 3415 erat.
883 3352 977 3413 Etiam
999 3359 1108 3416 anteass

104 3437 261 3515 iugurthae
272 3436 330 3498 lllia
344 3436 462 3499 Boccho
473 3444 623 3516 nupserat.
648 3437 755 3499 Verum
767 3455 801 3498 ea
811 3437 998 3498 necessitudo
1008 3437 1095 3506 unuh

104 3519 243 3581 Numidas
261 3520 437 3604 Maurosque
458 3522 531 3586 levis
546 3521 679 3587 ducitur,
696 3517 912 3600 plasmans,
924 3531 992 3586 uss
1005 3511 1124 3576 sem
