<?xml version="1.0" encoding="UTF-8"?>
<!DOCTYPE html PUBLIC "-//W3C//DTD XHTML 1.0 Transitional//EN"
    "http://www.w3.org/TR/xhtml1/DTD/xhtml1-transitional.dtd">
<html xmlns="http://www.w3.org/1999/xhtml" xml:lang="en" lang="en">
 <head>
  <title>
</title>
<meta http-equiv="Content-Type" content="text/html;charset=utf-8" />
  <meta name='ocr-system' content='tesseract 3.04.00' />
  <meta name='ocr-capabilities' content='ocr_page ocr_carea ocr_par ocr_line ocrx_word'/>
</head>
<body>
  <div class='ocr_page' id='page_1' title='image "./libridecatilina00sallgoog_0009.png"; bbox 0 0 2392 3848; ppageno 0'>
   <div class='ocr_carea' id='block_1_1' title="bbox 72 221 661 266">
    <p class='ocr_par' dir='ltr' id='par_1_1' title="bbox 72 221 661 266">
     <span class='ocr_line' id='line_1_1' title="bbox 72 221 661 266; baseline -0.003 0"><span class='ocrx_word' id='word_1_1' title='bbox 72 221 106 266; x_wconf 80' lang='grc' dir='ltr'>Π</span> <span class='ocrx_word' id='word_1_2' title='bbox 475 223 661 266; x_wconf 71' lang='lat' dir='ltr'>PRAEFATIO.</span> 
     </span>
    </p>
   </div>
   <div class='ocr_carea' id='block_1_2' title="bbox 73 335 1068 810">
    <p class='ocr_par' dir='ltr' id='par_1_2' title="bbox 73 335 1068 791">
     <span class='ocr_line' id='line_1_2' title="bbox 75 335 1068 399; baseline 0.006 -13"><span class='ocrx_word' id='word_1_3' title='bbox 75 335 179 386; x_wconf 88' lang='lat' dir='ltr'>alterius</span> <span class='ocrx_word' id='word_1_4' title='bbox 197 335 239 398; x_wconf 84' lang='lat' dir='ltr'>(G)</span> <span class='ocrx_word' id='word_1_5' title='bbox 251 337 278 388; x_wconf 91' lang='lat' dir='ltr'>ln</span> <span class='ocrx_word' id='word_1_6' title='bbox 291 345 393 390; x_wconf 80' lang='lat' dir='ltr'>actores</span> <span class='ocrx_word' id='word_1_7' title='bbox 403 338 572 399; x_wconf 71' lang='lat' dir='ltr'>consentiant,</span> <span class='ocrx_word' id='word_1_8' title='bbox 589 352 641 389; x_wconf 92' lang='lat' dir='ltr'>non</span> <span class='ocrx_word' id='word_1_9' title='bbox 653 337 716 387; x_wconf 92' lang='lat' dir='ltr'>nulli</span> <span class='ocrx_word' id='word_1_10' title='bbox 727 347 825 389; x_wconf 90' lang='lat' dir='ltr'>tantum</span> <span class='ocrx_word' id='word_1_11' title='bbox 837 353 870 392; x_wconf 83' lang='lat' dir='ltr'>ex</span> <span class='ocrx_word' id='word_1_12' title='bbox 886 339 936 390; x_wconf 91' lang='lat' dir='ltr'>hcc</span> <span class='ocrx_word' id='word_1_13' title='bbox 947 349 1068 395; x_wconf 79' lang='lat' dir='ltr'>erectores</span> 
     </span>
     <span class='ocr_line' id='line_1_3' title="bbox 74 403 1063 473; baseline 0.008 -20"><span class='ocrx_word' id='word_1_14' title='bbox 74 403 227 469; x_wconf 89' lang='lat' dir='ltr'>praebeant,</span> <span class='ocrx_word' id='word_1_15' title='bbox 246 419 291 455; x_wconf 90' lang='lat' dir='ltr'>cur</span> <span class='ocrx_word' id='word_1_16' title='bbox 308 406 347 457; x_wconf 88' lang='lat' dir='ltr'>his</span> <span class='ocrx_word' id='word_1_17' title='bbox 366 421 442 469; x_wconf 87' lang='lat' dir='ltr'>quarn</span> <span class='ocrx_word' id='word_1_18' title='bbox 460 406 510 456; x_wconf 94' lang='lat' dir='ltr'>illis</span> <span class='ocrx_word' id='word_1_19' title='bbox 528 405 611 470; x_wconf 82' lang='lat' dir='ltr'>magis</span> <span class='ocrx_word' id='word_1_20' title='bbox 631 406 822 467; x_wconf 85' lang='lat' dir='ltr'>obsequendum</span> <span class='ocrx_word' id='word_1_21' title='bbox 834 407 868 456; x_wconf 92' lang='lat' dir='ltr'>sit</span> <span class='ocrx_word' id='word_1_22' title='bbox 879 408 1016 473; x_wconf 87' lang='lat' dir='ltr'>perspicio.</span> <span class='ocrx_word' id='word_1_23' title='bbox 1028 435 1063 448; x_wconf 91' lang='lat'><em>-</em></span> 
     </span>
     <span class='ocr_line' id='line_1_4' title="bbox 75 469 1064 539; baseline 0.006 -18"><span class='ocrx_word' id='word_1_24' title='bbox 75 473 100 529; x_wconf 83' lang='lat'>3,</span> <span class='ocrx_word' id='word_1_25' title='bbox 114 472 138 521; x_wconf 81' lang='lat' dir='ltr'>t.</span> <span class='ocrx_word' id='word_1_26' title='bbox 157 469 231 530; x_wconf 89' lang='lat' dir='ltr'>Quod</span> <span class='ocrx_word' id='word_1_27' title='bbox 248 473 275 520; x_wconf 91' lang='lat' dir='ltr'>in</span> <span class='ocrx_word' id='word_1_28' title='bbox 292 473 311 521; x_wconf 90' lang='lat' dir='ltr'><strong>P</strong></span> <span class='ocrx_word' id='word_1_29' title='bbox 329 489 402 539; x_wconf 82' lang='lat' dir='ltr'>quae,</span> <span class='ocrx_word' id='word_1_30' title='bbox 429 487 481 524; x_wconf 92' lang='lat' dir='ltr'>non</span> <span class='ocrx_word' id='word_1_31' title='bbox 566 481 613 532; x_wconf 90' lang='lat' dir='ltr'>est,</span> <span class='ocrx_word' id='word_1_32' title='bbox 640 473 770 538; x_wconf 89' lang='lat' dir='ltr'>idipsum</span> <span class='ocrx_word' id='word_1_33' title='bbox 787 487 829 522; x_wconf 94' lang='lat' dir='ltr'>me</span> <span class='ocrx_word' id='word_1_34' title='bbox 845 474 932 534; x_wconf 86' lang='lat' dir='ltr'>movit,</span> <span class='ocrx_word' id='word_1_35' title='bbox 956 485 984 524; x_wconf 89' lang='lat' dir='ltr'>ut</span> <span class='ocrx_word' id='word_1_36' title='bbox 1001 475 1064 527; x_wconf 81' lang='lat' dir='ltr'>iler-</span> 
     </span>
     <span class='ocr_line' id='line_1_5' title="bbox 73 535 1063 609; baseline 0.007 -23"><span class='ocrx_word' id='word_1_37' title='bbox 73 535 150 587; x_wconf 85' lang='lat' dir='ltr'>iechii</span> <span class='ocrx_word' id='word_1_38' title='bbox 174 539 377 590; x_wconf 79' lang='lat' dir='ltr'>emendationem</span> <span class='ocrx_word' id='word_1_39' title='bbox 399 541 496 590; x_wconf 88' lang='lat' dir='ltr'>retinen</span> <span class='ocrx_word' id='word_1_40' title='bbox 515 554 556 588; x_wconf 87' lang='lat' dir='ltr'>am</span> <span class='ocrx_word' id='word_1_41' title='bbox 584 547 709 605; x_wconf 89' lang='lat' dir='ltr'>putarem.</span> <span class='ocrx_word' id='word_1_42' title='bbox 748 537 801 589; x_wconf 88' lang='lat' dir='ltr'>Nec</span> <span class='ocrx_word' id='word_1_43' title='bbox 822 539 914 590; x_wconf 89' lang='lat' dir='ltr'>desunt</span> <span class='ocrx_word' id='word_1_44' title='bbox 936 542 1063 609; x_wconf 86' lang='lat' dir='ltr'>exempla,</span> 
     </span>
     <span class='ocr_line' id='line_1_6' title="bbox 74 605 1065 672; baseline 0.008 -19"><span class='ocrx_word' id='word_1_45' title='bbox 74 606 184 666; x_wconf 87' lang='lat' dir='ltr'>quaein</span> <span class='ocrx_word' id='word_1_46' title='bbox 202 605 339 672; x_wconf 75' lang='lat' dir='ltr'>archetypo</span> <span class='ocrx_word' id='word_1_47' title='bbox 358 621 455 657; x_wconf 86' lang='lat' dir='ltr'>morem</span> <span class='ocrx_word' id='word_1_48' title='bbox 472 607 543 656; x_wconf 92' lang='lat' dir='ltr'>illum</span> <span class='ocrx_word' id='word_1_49' title='bbox 561 606 699 665; x_wconf 84' lang='lat' dir='ltr'>scribendi,</span> <span class='ocrx_word' id='word_1_50' title='bbox 720 621 770 668; x_wconf 86' lang='lat' dir='ltr'>quo</span> <span class='ocrx_word' id='word_1_51' title='bbox 790 607 893 656; x_wconf 91' lang='lat' dir='ltr'>eaedem</span> <span class='ocrx_word' id='word_1_52' title='bbox 910 605 1007 659; x_wconf 85' lang='lat' dir='ltr'>litterae</span> <span class='ocrx_word' id='word_1_53' title='bbox 1023 611 1065 661; x_wconf 92' lang='lat' dir='ltr'>bis</span> 
     </span>
     <span class='ocr_line' id='line_1_7' title="bbox 73 672 1066 791; baseline 0.008 -72"><span class='ocrx_word' id='word_1_54' title='bbox 73 672 209 736; x_wconf 88' lang='lat' dir='ltr'>ponendae</span> <span class='ocrx_word' id='word_1_55' title='bbox 226 673 304 722; x_wconf 89' lang='lat' dir='ltr'>semel</span> <span class='ocrx_word' id='word_1_56' title='bbox 322 675 435 790; x_wconf 58' lang='lat' dir='ltr'>scrilpttae</span> <span class='ocrx_word' id='word_1_57' title='bbox 452 672 715 791; x_wconf 47' lang='lat' dir='ltr'>pompenpmmsi&#39;ggtsft</span> <span class='ocrx_word' id='word_1_58' title='bbox 732 673 894 790; x_wconf 63' lang='lat' dir='ltr'>pbspppatum</span> <span class='ocrx_word' id='word_1_59' title='bbox 911 673 999 791; x_wconf 55' lang='grc'>21110</span> <span class='ocrx_word' id='word_1_60' title='bbox 1018 677 1066 727; x_wconf 91' lang='lat' dir='ltr'>de-</span> 
     </span>
    </p>

    <p class='ocr_par' dir='ltr' id='par_1_3' title="bbox 413 755 1066 810">
     <span class='ocr_line' id='line_1_8' title="bbox 413 755 1066 810; baseline 0.011 -20"><span class='ocrx_word' id='word_1_61' title='bbox 413 756 457 790; x_wconf 88' lang='lat' dir='ltr'>ver</span> <span class='ocrx_word' id='word_1_62' title='bbox 474 757 490 792; x_wconf 89' lang='lat' dir='ltr'>a</span> <span class='ocrx_word' id='word_1_63' title='bbox 506 755 544 790; x_wconf 88' lang='lat' dir='ltr'>sa</span> <span class='ocrx_word' id='word_1_64' title='bbox 570 756 585 788; x_wconf 87' lang='lat' dir='ltr'>r</span> <span class='ocrx_word' id='word_1_65' title='bbox 715 755 765 790; x_wconf 82' lang='lat' dir='ltr'>uo</span> <span class='ocrx_word' id='word_1_66' title='bbox 815 756 896 804; x_wconf 86' lang='lat' dir='ltr'>perso</span> <span class='ocrx_word' id='word_1_67' title='bbox 939 758 1066 810; x_wconf 81' lang='lat' dir='ltr'>quecapa</span> 
     </span>
    </p>
   </div>
   <div class='ocr_carea' id='block_1_3' title="bbox 29 744 1066 3550">
    <p class='ocr_par' dir='ltr' id='par_1_4' title="bbox 29 744 1066 3550">
     <span class='ocr_line' id='line_1_9' title="bbox 73 744 350 792; baseline 0.022 -6"><span class='ocrx_word' id='word_1_68' title='bbox 73 744 223 790; x_wconf 78' lang='lat' dir='ltr'>monstrent</span> <span class='ocrx_word' id='word_1_69' title='bbox 236 767 269 778; x_wconf 91' lang='lat'>—</span> <span class='ocrx_word' id='word_1_70' title='bbox 288 744 303 792; x_wconf 84' lang='lat'><strong>6</strong></span> <span class='ocrx_word' id='word_1_71' title='bbox 326 744 350 792; x_wconf 78' lang='lat'>2.</span> 
     </span>
     <span class='ocr_line' id='line_1_10' title="bbox 74 778 1065 876; baseline 0.006 -20"><span class='ocrx_word' id='word_1_72' title='bbox 74 808 213 858; x_wconf 82' lang='lat' dir='ltr'>concordio</span> <span class='ocrx_word' id='word_1_73' title='bbox 229 778 317 859; x_wconf 53' lang='lat' dir='ltr'>cirita}</span> <span class='ocrx_word' id='word_1_74' title='bbox 332 809 406 873; x_wconf 78' lang='lat' dir='ltr'>fucta</span> <span class='ocrx_word' id='word_1_75' title='bbox 423 814 480 858; x_wconf 80' lang='lat' dir='ltr'>erat</span> <span class='ocrx_word' id='word_1_76' title='bbox 497 808 546 858; x_wconf 89' lang='lat' dir='ltr'>boc</span> <span class='ocrx_word' id='word_1_77' title='bbox 563 807 621 871; x_wconf 90' lang='lat' dir='ltr'>ipso</span> <span class='ocrx_word' id='word_1_78' title='bbox 639 806 695 857; x_wconf 90' lang='lat' dir='ltr'>loco</span> <span class='ocrx_word' id='word_1_79' title='bbox 714 807 853 857; x_wconf 85' lang='lat' dir='ltr'>inseranda</span> <span class='ocrx_word' id='word_1_80' title='bbox 869 822 1008 876; x_wconf 88' lang='lat' dir='ltr'>censerem,</span> <span class='ocrx_word' id='word_1_81' title='bbox 1031 826 1065 863; x_wconf 89' lang='lat' dir='ltr'>ne</span> 
     </span>
     <span class='ocr_line' id='line_1_11' title="bbox 74 872 1064 940; baseline 0.01 -19"><span class='ocrx_word' id='word_1_82' title='bbox 74 872 112 922; x_wconf 89' lang='lat' dir='ltr'>els</span> <span class='ocrx_word' id='word_1_83' title='bbox 122 874 234 938; x_wconf 89' lang='lat' dir='ltr'>quidem,</span> <span class='ocrx_word' id='word_1_84' title='bbox 253 891 319 938; x_wconf 86' lang='lat' dir='ltr'>quae</span> <span class='ocrx_word' id='word_1_85' title='bbox 329 876 349 927; x_wconf 86' lang='lat'>1.</span> <span class='ocrx_word' id='word_1_86' title='bbox 372 875 456 926; x_wconf 80' lang='lat' dir='ltr'>Herm.</span> <span class='ocrx_word' id='word_1_87' title='bbox 470 876 508 925; x_wconf 75' lang='lat'>12</span> <span class='ocrx_word' id='word_1_88' title='bbox 525 890 553 940; x_wconf 93' lang='lat' dir='ltr'>p.</span> <span class='ocrx_word' id='word_1_89' title='bbox 562 876 611 924; x_wconf 72' lang='lat'>245</span> <span class='ocrx_word' id='word_1_90' title='bbox 621 889 677 938; x_wconf 85' lang='lat' dir='ltr'>sqq.</span> <span class='ocrx_word' id='word_1_91' title='bbox 690 874 841 940; x_wconf 86' lang='lat' dir='ltr'>disputavit,</span> <span class='ocrx_word' id='word_1_92' title='bbox 859 874 985 926; x_wconf 89' lang='lat' dir='ltr'>adductus</span> <span class='ocrx_word' id='word_1_93' title='bbox 997 891 1064 931; x_wconf 89' lang='lat' dir='ltr'>sum.</span> 
     </span>
     <span class='ocr_line' id='line_1_12' title="bbox 73 936 1064 1002; baseline 0.008 -15"><span class='ocrx_word' id='word_1_94' title='bbox 73 936 132 988; x_wconf 80' lang='lat' dir='ltr'>Non</span> <span class='ocrx_word' id='word_1_95' title='bbox 149 942 251 990; x_wconf 86' lang='lat' dir='ltr'>invideo</span> <span class='ocrx_word' id='word_1_96' title='bbox 274 944 297 991; x_wconf 90' lang='lat' dir='ltr'>si</span> <span class='ocrx_word' id='word_1_97' title='bbox 336 942 378 991; x_wconf 92' lang='lat' dir='ltr'>nis</span> <span class='ocrx_word' id='word_1_98' title='bbox 396 940 502 990; x_wconf 75' lang='lat' dir='ltr'>Sallusti</span> <span class='ocrx_word' id='word_1_99' title='bbox 526 954 556 988; x_wconf 85' lang='lat' dir='ltr'>ee</span> <span class='ocrx_word' id='word_1_100' title='bbox 577 954 636 990; x_wconf 90' lang='lat' dir='ltr'>esse</span> <span class='ocrx_word' id='word_1_101' title='bbox 658 940 808 990; x_wconf 83' lang='lat' dir='ltr'>contendere</span> <span class='ocrx_word' id='word_1_102' title='bbox 825 941 984 1002; x_wconf 88' lang='lat' dir='ltr'>audeat,.at</span> <span class='ocrx_word' id='word_1_103' title='bbox 1005 958 1064 995; x_wconf 86' lang='lat' dir='ltr'>oum</span> 
     </span>
     <span class='ocr_line' id='line_1_13' title="bbox 74 957 1065 1122; baseline 0.01 -70"><span class='ocrx_word' id='word_1_104' title='bbox 74 1004 235 1069; x_wconf 74' lang='lat' dir='ltr'>Augustinus</span> <span class='ocrx_word' id='word_1_105' title='bbox 253 1021 284 1056; x_wconf 87' lang='lat' dir='ltr'>ea</span> <span class='ocrx_word' id='word_1_106' title='bbox 300 957 336 1057; x_wconf 57' lang='lat' dir='ltr'>ad</span> <span class='ocrx_word' id='word_1_107' title='bbox 350 1005 523 1057; x_wconf 87' lang='lat' dir='ltr'>inlustrandae</span> <span class='ocrx_word' id='word_1_108' title='bbox 541 1006 680 1056; x_wconf 73' lang='lat' dir='ltr'>sententies</span> <span class='ocrx_word' id='word_1_109' title='bbox 699 1002 803 1056; x_wconf 81' lang='lat' dir='ltr'>Sallusti</span> <span class='ocrx_word' id='word_1_110' title='bbox 820 1004 861 1122; x_wconf 51' lang='lat' dir='ltr'>kil·</span> <span class='ocrx_word' id='word_1_111' title='bbox 874 1009 898 1067; x_wconf 78' lang='lat' dir='ltr'>a,</span> <span class='ocrx_word' id='word_1_112' title='bbox 912 1009 938 1072; x_wconf 85' lang='lat'>3)</span> <span class='ocrx_word' id='word_1_113' title='bbox 957 1017 983 1060; x_wconf 88' lang='lat' dir='ltr'>ct</span> <span class='ocrx_word' id='word_1_114' title='bbox 993 1007 1065 1062; x_wconf 78' lang='lat' dir='ltr'>Cloe·</span> 
     </span>
     <span class='ocr_line' id='line_1_14' title="bbox 74 1072 1066 1140; baseline 0.011 -21"><span class='ocrx_word' id='word_1_115' title='bbox 74 1073 145 1120; x_wconf 88' lang='lat' dir='ltr'>ronis</span> <span class='ocrx_word' id='word_1_116' title='bbox 164 1072 317 1136; x_wconf 77' lang='lat' dir='ltr'>adhibuerit,</span> <span class='ocrx_word' id='word_1_117' title='bbox 340 1075 367 1123; x_wconf 93' lang='lat' dir='ltr'>ln</span> <span class='ocrx_word' id='word_1_118' title='bbox 384 1083 507 1140; x_wconf 91' lang='lat' dir='ltr'>promptu</span> <span class='ocrx_word' id='word_1_119' title='bbox 524 1082 563 1123; x_wconf 89' lang='lat' dir='ltr'>est</span> <span class='ocrx_word' id='word_1_120' title='bbox 580 1073 706 1139; x_wconf 89' lang='lat' dir='ltr'>suspicari</span> <span class='ocrx_word' id='word_1_121' title='bbox 724 1088 754 1122; x_wconf 88' lang='lat' dir='ltr'>ea</span> <span class='ocrx_word' id='word_1_122' title='bbox 771 1073 802 1123; x_wconf 87' lang='lat' dir='ltr'>ab</span> <span class='ocrx_word' id='word_1_123' title='bbox 839 1076 923 1125; x_wconf 91' lang='lat' dir='ltr'>omine</span> <span class='ocrx_word' id='word_1_124' title='bbox 945 1076 1019 1128; x_wconf 83' lang='lat' dir='ltr'>docte</span> <span class='ocrx_word' id='word_1_125' title='bbox 1036 1078 1066 1131; x_wconf 81' lang='lat' dir='ltr'>in</span> 
     </span>
     <span class='ocr_line' id='line_1_15' title="bbox 74 1137 1064 1207; baseline 0.009 -21"><span class='ocrx_word' id='word_1_126' title='bbox 74 1137 227 1189; x_wconf 89' lang='lat' dir='ltr'>lectitatione</span> <span class='ocrx_word' id='word_1_127' title='bbox 243 1140 384 1206; x_wconf 72' lang='lat' dir='ltr'>Augustini</span> <span class='ocrx_word' id='word_1_128' title='bbox 400 1141 465 1190; x_wconf 89' lang='lat' dir='ltr'>bene</span> <span class='ocrx_word' id='word_1_129' title='bbox 481 1148 584 1190; x_wconf 85' lang='lat' dir='ltr'>versato</span> <span class='ocrx_word' id='word_1_130' title='bbox 607 1141 634 1190; x_wconf 93' lang='lat' dir='ltr'>in</span> <span class='ocrx_word' id='word_1_131' title='bbox 655 1138 771 1206; x_wconf 75' lang='lat' dir='ltr'>margine</span> <span class='ocrx_word' id='word_1_132' title='bbox 788 1142 941 1207; x_wconf 89' lang='lat' dir='ltr'>exemplaris</span> <span class='ocrx_word' id='word_1_133' title='bbox 958 1145 1000 1194; x_wconf 88' lang='lat' dir='ltr'>sui</span> <span class='ocrx_word' id='word_1_134' title='bbox 1016 1144 1064 1200; x_wconf 86' lang='lat' dir='ltr'>ad-</span> 
     </span>
     <span class='ocr_line' id='line_1_16' title="bbox 75 1206 1065 1278; baseline 0.007 -24"><span class='ocrx_word' id='word_1_135' title='bbox 75 1206 182 1269; x_wconf 84' lang='lat' dir='ltr'>scripta,</span> <span class='ocrx_word' id='word_1_136' title='bbox 200 1207 228 1256; x_wconf 89' lang='lat' dir='ltr'>in</span> <span class='ocrx_word' id='word_1_137' title='bbox 245 1215 343 1256; x_wconf 82' lang='lat' dir='ltr'>textum</span> <span class='ocrx_word' id='word_1_138' title='bbox 360 1221 501 1272; x_wconf 88' lang='lat' dir='ltr'>paucorum</span> <span class='ocrx_word' id='word_1_139' title='bbox 517 1206 639 1257; x_wconf 90' lang='lat' dir='ltr'>librorum</span> <span class='ocrx_word' id='word_1_140' title='bbox 657 1207 735 1257; x_wconf 86' lang='lat' dir='ltr'>inlata</span> <span class='ocrx_word' id='word_1_141' title='bbox 747 1222 812 1257; x_wconf 87' lang='lat' dir='ltr'>esse.</span> <span class='ocrx_word' id='word_1_142' title='bbox 841 1206 885 1259; x_wconf 83' lang='lat' dir='ltr'>Set</span> <span class='ocrx_word' id='word_1_143' title='bbox 896 1209 959 1273; x_wconf 89' lang='lat' dir='ltr'>quid</span> <span class='ocrx_word' id='word_1_144' title='bbox 976 1212 1065 1278; x_wconf 91' lang='lat' dir='ltr'>suspi-</span> 
     </span>
     <span class='ocr_line' id='line_1_17' title="bbox 74 1273 1062 1340; baseline 0.007 -19"><span class='ocrx_word' id='word_1_145' title='bbox 74 1273 146 1322; x_wconf 90' lang='lat' dir='ltr'>cione</span> <span class='ocrx_word' id='word_1_146' title='bbox 163 1273 302 1323; x_wconf 75' lang='lat' dir='ltr'>advorsum</span> <span class='ocrx_word' id='word_1_147' title='bbox 319 1274 494 1340; x_wconf 71' lang='lat' dir='ltr'>suspicionem</span> <span class='ocrx_word' id='word_1_148' title='bbox 510 1289 627 1340; x_wconf 88' lang='lat' dir='ltr'>pugnare</span> <span class='ocrx_word' id='word_1_149' title='bbox 643 1275 732 1324; x_wconf 78' lang='lat' dir='ltr'>iuvat?</span> <span class='ocrx_word' id='word_1_150' title='bbox 764 1273 934 1325; x_wconf 74' lang='lat' dir='ltr'>Concederem</span> <span class='ocrx_word' id='word_1_151' title='bbox 952 1275 1062 1339; x_wconf 76' lang='lat' dir='ltr'>facilius,</span> 
     </span>
     <span class='ocr_line' id='line_1_18' title="bbox 74 1337 1065 1407; baseline 0.008 -20"><span class='ocrx_word' id='word_1_152' title='bbox 74 1340 97 1388; x_wconf 90' lang='lat' dir='ltr'>si</span> <span class='ocrx_word' id='word_1_153' title='bbox 111 1337 216 1390; x_wconf 87' lang='lat' dir='ltr'>Sallusti</span> <span class='ocrx_word' id='word_1_154' title='bbox 235 1340 343 1391; x_wconf 87' lang='lat' dir='ltr'>crationi</span> <span class='ocrx_word' id='word_1_155' title='bbox 360 1339 458 1405; x_wconf 82' lang='lat' dir='ltr'>aliquid</span> <span class='ocrx_word' id='word_1_156' title='bbox 475 1342 565 1391; x_wconf 83' lang='lat' dir='ltr'>deesse</span> <span class='ocrx_word' id='word_1_157' title='bbox 581 1341 687 1407; x_wconf 87' lang='lat' dir='ltr'>pianum</span> <span class='ocrx_word' id='word_1_158' title='bbox 704 1341 799 1391; x_wconf 88' lang='lat' dir='ltr'>iactum</span> <span class='ocrx_word' id='word_1_159' title='bbox 812 1352 887 1393; x_wconf 92' lang='lat' dir='ltr'>esset.</span> <span class='ocrx_word' id='word_1_160' title='bbox 912 1344 944 1394; x_wconf 76' lang='lat' dir='ltr'>At</span> <span class='ocrx_word' id='word_1_161' title='bbox 956 1358 989 1394; x_wconf 90' lang='lat' dir='ltr'>sx</span> <span class='ocrx_word' id='word_1_162' title='bbox 1000 1345 1065 1395; x_wconf 89' lang='lat' dir='ltr'>Trc·</span> 
     </span>
     <span class='ocr_line' id='line_1_19' title="bbox 74 1407 1064 1475; baseline 0.008 -21"><span class='ocrx_word' id='word_1_163' title='bbox 74 1407 141 1456; x_wconf 89' lang='lat' dir='ltr'>lanis</span> <span class='ocrx_word' id='word_1_164' title='bbox 162 1416 186 1457; x_wconf 91' lang='lat' dir='ltr'>et</span> <span class='ocrx_word' id='word_1_165' title='bbox 202 1407 388 1474; x_wconf 77' lang='lat' dir='ltr'>Aboriginibus</span> <span class='ocrx_word' id='word_1_166' title='bbox 405 1423 484 1457; x_wconf 91' lang='lat' dir='ltr'>uuum</span> <span class='ocrx_word' id='word_1_167' title='bbox 502 1407 635 1475; x_wconf 89' lang='lat' dir='ltr'>populum,</span> <span class='ocrx_word' id='word_1_168' title='bbox 659 1424 686 1458; x_wconf 88' lang='lat' dir='ltr'>er</span> <span class='ocrx_word' id='word_1_169' title='bbox 706 1423 720 1457; x_wconf 92' lang='lat' dir='ltr'>c</span> <span class='ocrx_word' id='word_1_170' title='bbox 744 1410 872 1458; x_wconf 85' lang='lat' dir='ltr'>civitatem</span> <span class='ocrx_word' id='word_1_171' title='bbox 889 1409 982 1461; x_wconf 84' lang='lat' dir='ltr'>iactam</span> <span class='ocrx_word' id='word_1_172' title='bbox 1005 1427 1064 1462; x_wconf 86' lang='lat' dir='ltr'>esse</span> 
     </span>
     <span class='ocr_line' id='line_1_20' title="bbox 73 1424 1063 1541; baseline 0.008 -19"><span class='ocrx_word' id='word_1_173' title='bbox 73 1487 160 1523; x_wconf 89' lang='lat' dir='ltr'>nonne</span> <span class='ocrx_word' id='word_1_174' title='bbox 176 1476 336 1540; x_wconf 73' lang='lat' dir='ltr'>praegressis</span> <span class='ocrx_word' id='word_1_175' title='bbox 354 1476 417 1526; x_wconf 88' lang='lat' dir='ltr'>satis</span> <span class='ocrx_word' id='word_1_176' title='bbox 435 1490 587 1541; x_wconf 82' lang='lat' dir='ltr'>expressum</span> <span class='ocrx_word' id='word_1_177' title='bbox 599 1475 654 1525; x_wconf 82' lang='lat' dir='ltr'>esti</span> <span class='ocrx_word' id='word_1_178' title='bbox 683 1424 756 1534; x_wconf 54' lang='lat' dir='ltr'>duca</span> <span class='ocrx_word' id='word_1_179' title='bbox 773 1477 797 1526; x_wconf 92' lang='lat' dir='ltr'>si</span> <span class='ocrx_word' id='word_1_180' title='bbox 814 1475 877 1526; x_wconf 88' lang='lat' dir='ltr'>tales</span> <span class='ocrx_word' id='word_1_181' title='bbox 895 1476 956 1541; x_wconf 88' lang='lat' dir='ltr'>loci,</span> <span class='ocrx_word' id='word_1_182' title='bbox 974 1479 1063 1541; x_wconf 88' lang='lat' dir='ltr'>quales</span> 
     </span>
     <span class='ocr_line' id='line_1_21' title="bbox 74 1539 1065 1608; baseline 0.007 -18"><span class='ocrx_word' id='word_1_183' title='bbox 74 1549 134 1590; x_wconf 91' lang='lat' dir='ltr'>sunt</span> <span class='ocrx_word' id='word_1_184' title='bbox 152 1539 179 1594; x_wconf 81' lang='lat' dir='ltr'>G.</span> <span class='ocrx_word' id='word_1_185' title='bbox 192 1542 215 1606; x_wconf 84' lang='lat' dir='ltr'>l,</span> <span class='ocrx_word' id='word_1_186' title='bbox 229 1545 252 1594; x_wconf 76' lang='lat' dir='ltr'>i.</span> <span class='ocrx_word' id='word_1_187' title='bbox 278 1544 297 1593; x_wconf 88' lang='lat'>1.</span> <span class='ocrx_word' id='word_1_188' title='bbox 310 1545 353 1604; x_wconf 76' lang='lat'>40,</span> <span class='ocrx_word' id='word_1_189' title='bbox 366 1545 392 1606; x_wconf 82' lang='lat'>8,</span> <span class='ocrx_word' id='word_1_190' title='bbox 410 1544 437 1592; x_wconf 94' lang='lat' dir='ltr'>in</span> <span class='ocrx_word' id='word_1_191' title='bbox 459 1543 667 1608; x_wconf 81' lang='lat' dir='ltr'>conparationem</span> <span class='ocrx_word' id='word_1_192' title='bbox 684 1551 819 1603; x_wconf 84' lang='lat' dir='ltr'>vocantur,</span> <span class='ocrx_word' id='word_1_193' title='bbox 845 1543 941 1595; x_wconf 90' lang='lat' dir='ltr'>scilicet</span> <span class='ocrx_word' id='word_1_194' title='bbox 962 1545 1004 1595; x_wconf 92' lang='lat' dir='ltr'>hic</span> <span class='ocrx_word' id='word_1_195' title='bbox 1025 1556 1065 1597; x_wconf 85' lang='lat' dir='ltr'>ast</span> 
     </span>
     <span class='ocr_line' id='line_1_22' title="bbox 73 1610 1064 1676; baseline 0.005 -18"><span class='ocrx_word' id='word_1_196' title='bbox 73 1610 253 1674; x_wconf 86' lang='lat' dir='ltr'>pronominum</span> <span class='ocrx_word' id='word_1_197' title='bbox 271 1610 529 1659; x_wconf 83' lang='lat' dir='ltr'>demonstrativcruua</span> <span class='ocrx_word' id='word_1_198' title='bbox 547 1623 618 1669; x_wconf 89' lang='lat' dir='ltr'>usus,</span> <span class='ocrx_word' id='word_1_199' title='bbox 642 1617 671 1658; x_wconf 89' lang='lat' dir='ltr'>nt</span> <span class='ocrx_word' id='word_1_200' title='bbox 688 1625 720 1659; x_wconf 83' lang='lat' dir='ltr'>ex</span> <span class='ocrx_word' id='word_1_201' title='bbox 738 1612 898 1676; x_wconf 74' lang='lat' dir='ltr'>praegressis</span> <span class='ocrx_word' id='word_1_202' title='bbox 921 1613 1064 1663; x_wconf 88' lang='lat' dir='ltr'>membrum</span> 
     </span>
     <span class='ocr_line' id='line_1_23' title="bbox 74 1674 1064 1734; baseline 0.007 -11"><span class='ocrx_word' id='word_1_203' title='bbox 74 1676 264 1725; x_wconf 82' lang='lat' dir='ltr'>consecutivum</span> <span class='ocrx_word' id='word_1_204' title='bbox 281 1686 365 1725; x_wconf 88' lang='lat' dir='ltr'>mente</span> <span class='ocrx_word' id='word_1_205' title='bbox 383 1685 503 1726; x_wconf 86' lang='lat' dir='ltr'>teneatur.</span> <span class='ocrx_word' id='word_1_206' title='bbox 540 1674 606 1734; x_wconf 85' lang='lat' dir='ltr'>Quid</span> <span class='ocrx_word' id='word_1_207' title='bbox 623 1684 708 1726; x_wconf 87' lang='lat' dir='ltr'>autem</span> <span class='ocrx_word' id='word_1_208' title='bbox 729 1676 778 1727; x_wconf 93' lang='lat' dir='ltr'>hoc</span> <span class='ocrx_word' id='word_1_209' title='bbox 796 1686 847 1728; x_wconf 87' lang='lat' dir='ltr'>est:</span> <span class='ocrx_word' id='word_1_210' title='bbox 875 1688 903 1727; x_wconf 91' lang='lat' dir='ltr'>nt</span> <span class='ocrx_word' id='word_1_211' title='bbox 919 1687 972 1728; x_wconf 88' lang='lat' dir='ltr'>tam</span> <span class='ocrx_word' id='word_1_212' title='bbox 988 1679 1064 1730; x_wconf 80' lang='lat' dir='ltr'>facile</span> 
     </span>
     <span class='ocr_line' id='line_1_24' title="bbox 73 1741 1062 1807; baseline 0.007 -17"><span class='ocrx_word' id='word_1_213' title='bbox 73 1741 253 1807; x_wconf 85' lang='lat' dir='ltr'>coalescerent,</span> <span class='ocrx_word' id='word_1_214' title='bbox 273 1758 302 1792; x_wconf 90' lang='lat' dir='ltr'>eo</span> <span class='ocrx_word' id='word_1_215' title='bbox 316 1742 432 1793; x_wconf 76' lang='lat' dir='ltr'>ellectum</span> <span class='ocrx_word' id='word_1_216' title='bbox 450 1753 497 1803; x_wconf 90' lang='lat' dir='ltr'>est,</span> <span class='ocrx_word' id='word_1_217' title='bbox 516 1743 586 1805; x_wconf 86' lang='lat' dir='ltr'>quod</span> <span class='ocrx_word' id='word_1_218' title='bbox 602 1743 672 1793; x_wconf 85' lang='lat' dir='ltr'>brevi</span> <span class='ocrx_word' id='word_1_219' title='bbox 684 1767 718 1780; x_wconf 90' lang='lat'><em>-</em></span> <span class='ocrx_word' id='word_1_220' title='bbox 749 1760 775 1794; x_wconf 91' lang='lat' dir='ltr'>er</span> <span class='ocrx_word' id='word_1_221' title='bbox 792 1745 955 1794; x_wconf 84' lang='lat' dir='ltr'>concordiam</span> <span class='ocrx_word' id='word_1_222' title='bbox 973 1748 1062 1797; x_wconf 86' lang='lat' dir='ltr'>civitas</span> 
     </span>
     <span class='ocr_line' id='line_1_25' title="bbox 74 1807 1064 1877; baseline 0.008 -21"><span class='ocrx_word' id='word_1_223' title='bbox 74 1807 143 1858; x_wconf 87' lang='lat' dir='ltr'>iacta</span> <span class='ocrx_word' id='word_1_224' title='bbox 160 1809 229 1859; x_wconf 82' lang='lat' dir='ltr'>erati</span> <span class='ocrx_word' id='word_1_225' title='bbox 248 1834 282 1844; x_wconf 97' lang='lat'><em>-</em></span> <span class='ocrx_word' id='word_1_226' title='bbox 303 1810 328 1870; x_wconf 87' lang='lat'>8,</span> <span class='ocrx_word' id='word_1_227' title='bbox 340 1812 365 1860; x_wconf 77' lang='grc'>2.</span> <span class='ocrx_word' id='word_1_228' title='bbox 387 1809 470 1860; x_wconf 87' lang='lat' dir='ltr'>Semel</span> <span class='ocrx_word' id='word_1_229' title='bbox 487 1824 589 1871; x_wconf 92' lang='lat' dir='ltr'>moneo,</span> <span class='ocrx_word' id='word_1_230' title='bbox 607 1818 636 1860; x_wconf 87' lang='lat' dir='ltr'>ut</span> <span class='ocrx_word' id='word_1_231' title='bbox 652 1810 678 1860; x_wconf 92' lang='lat' dir='ltr'>in</span> <span class='ocrx_word' id='word_1_232' title='bbox 697 1825 711 1860; x_wconf 94' lang='lat' dir='ltr'>o</span> <span class='ocrx_word' id='word_1_233' title='bbox 755 1812 880 1877; x_wconf 88' lang='lat' dir='ltr'>cgraphia</span> <span class='ocrx_word' id='word_1_234' title='bbox 897 1813 991 1875; x_wconf 87' lang='lat' dir='ltr'>ubique</span> <span class='ocrx_word' id='word_1_235' title='bbox 1008 1813 1064 1863; x_wconf 90' lang='lat' dir='ltr'>lor·</span> 
     </span>
     <span class='ocr_line' id='line_1_26' title="bbox 73 1875 1063 1942; baseline 0.005 -17"><span class='ocrx_word' id='word_1_236' title='bbox 73 1875 134 1925; x_wconf 88' lang='lat' dir='ltr'>dani</span> <span class='ocrx_word' id='word_1_237' title='bbox 150 1877 261 1942; x_wconf 82' lang='lat' dir='ltr'>vestigia</span> <span class='ocrx_word' id='word_1_238' title='bbox 277 1891 427 1942; x_wconf 89' lang='lat' dir='ltr'>premerem,</span> <span class='ocrx_word' id='word_1_239' title='bbox 446 1892 475 1928; x_wconf 90' lang='lat' dir='ltr'>cc</span> <span class='ocrx_word' id='word_1_240' title='bbox 493 1878 578 1927; x_wconf 90' lang='lat' dir='ltr'>minus</span> <span class='ocrx_word' id='word_1_241' title='bbox 596 1892 637 1928; x_wconf 91' lang='lat' dir='ltr'>me</span> <span class='ocrx_word' id='word_1_242' title='bbox 654 1887 751 1929; x_wconf 91' lang='lat' dir='ltr'>motum</span> <span class='ocrx_word' id='word_1_243' title='bbox 763 1895 829 1939; x_wconf 90' lang='lat' dir='ltr'>esse,</span> <span class='ocrx_word' id='word_1_244' title='bbox 848 1881 918 1941; x_wconf 89' lang='lat' dir='ltr'>quod</span> <span class='ocrx_word' id='word_1_245' title='bbox 930 1880 1000 1929; x_wconf 91' lang='lat' dir='ltr'>illum</span> <span class='ocrx_word' id='word_1_246' title='bbox 1012 1882 1063 1930; x_wconf 90' lang='lat' dir='ltr'>sibi</span> 
     </span>
     <span class='ocr_line' id='line_1_27' title="bbox 73 1943 1062 2011; baseline 0.005 -20"><span class='ocrx_word' id='word_1_247' title='bbox 73 1957 123 1993; x_wconf 90' lang='lat' dir='ltr'>non</span> <span class='ocrx_word' id='word_1_248' title='bbox 136 1945 282 1995; x_wconf 86' lang='lat' dir='ltr'>constitisse</span> <span class='ocrx_word' id='word_1_249' title='bbox 294 1944 414 1995; x_wconf 85' lang='lat' dir='ltr'>viderem.</span> <span class='ocrx_word' id='word_1_250' title='bbox 433 1943 476 1994; x_wconf 85' lang='lat' dir='ltr'>Sic</span> <span class='ocrx_word' id='word_1_251' title='bbox 487 1947 632 2011; x_wconf 74' lang='lat' dir='ltr'>magnificem</span> <span class='ocrx_word' id='word_1_252' title='bbox 645 1945 718 1996; x_wconf 87' lang='lat' dir='ltr'>initio</span> <span class='ocrx_word' id='word_1_253' title='bbox 737 1954 883 1996; x_wconf 76' lang='lat' dir='ltr'>constanter</span> <span class='ocrx_word' id='word_1_254' title='bbox 899 1945 1011 2009; x_wconf 84' lang='lat' dir='ltr'>scripsit,</span> <span class='ocrx_word' id='word_1_255' title='bbox 1030 1947 1062 1996; x_wconf 90' lang='lat' dir='ltr'>ab</span> 
     </span>
     <span class='ocr_line' id='line_1_28' title="bbox 29 2011 1061 2076; baseline -0.004 -11"><span class='ocrx_word' id='word_1_256' title='bbox 29 2060 32 2065; x_wconf 28' lang='lat'><strong>⁴</strong></span> <span class='ocrx_word' id='word_1_257' title='bbox 73 2025 99 2075; x_wconf 82' lang='lat' dir='ltr'>p.</span> <span class='ocrx_word' id='word_1_258' title='bbox 112 2013 145 2061; x_wconf 77' lang='lat'>30</span> <span class='ocrx_word' id='word_1_259' title='bbox 162 2012 256 2075; x_wconf 87' lang='lat' dir='ltr'>ubique</span> <span class='ocrx_word' id='word_1_260' title='bbox 273 2015 433 2076; x_wconf 79' lang='lat' dir='ltr'>mapoastcam,</span> <span class='ocrx_word' id='word_1_261' title='bbox 457 2022 481 2062; x_wconf 92' lang='lat' dir='ltr'>et</span> <span class='ocrx_word' id='word_1_262' title='bbox 503 2027 560 2062; x_wconf 90' lang='lat' dir='ltr'>cum</span> <span class='ocrx_word' id='word_1_263' title='bbox 576 2013 604 2060; x_wconf 91' lang='lat' dir='ltr'>in</span> <span class='ocrx_word' id='word_1_264' title='bbox 620 2024 741 2060; x_wconf 73' lang='lat' dir='ltr'>maxum</span> <span class='ocrx_word' id='word_1_265' title='bbox 764 2011 883 2060; x_wconf 87' lang='lat' dir='ltr'>editionis</span> <span class='ocrx_word' id='word_1_266' title='bbox 905 2020 979 2076; x_wconf 86' lang='lat' dir='ltr'>parte</span> <span class='ocrx_word' id='word_1_267' title='bbox 995 2014 1061 2061; x_wconf 81' lang='lat' dir='ltr'>anti·</span> 
     </span>
     <span class='ocr_line' id='line_1_29' title="bbox 74 2077 1061 2142; baseline 0.004 -18"><span class='ocrx_word' id='word_1_268' title='bbox 74 2091 138 2137; x_wconf 86' lang='lat' dir='ltr'>quas</span> <span class='ocrx_word' id='word_1_269' title='bbox 156 2077 251 2125; x_wconf 85' lang='lat' dir='ltr'>icrruas</span> <span class='ocrx_word' id='word_1_270' title='bbox 268 2079 356 2141; x_wconf 81' lang='lat' dir='ltr'>plebes</span> <span class='ocrx_word' id='word_1_271' title='bbox 374 2087 398 2126; x_wconf 86' lang='lat' dir='ltr'>et</span> <span class='ocrx_word' id='word_1_272' title='bbox 414 2079 499 2142; x_wconf 81' lang='lat' dir='ltr'>plebei</span> <span class='ocrx_word' id='word_1_273' title='bbox 515 2077 667 2142; x_wconf 89' lang='lat' dir='ltr'>expulisset,</span> <span class='ocrx_word' id='word_1_274' title='bbox 684 2077 718 2126; x_wconf 85' lang='lat' dir='ltr'>ad</span> <span class='ocrx_word' id='word_1_275' title='bbox 735 2092 778 2126; x_wconf 89' lang='lat' dir='ltr'>cas</span> <span class='ocrx_word' id='word_1_276' title='bbox 791 2085 920 2142; x_wconf 88' lang='lat' dir='ltr'>postremo</span> <span class='ocrx_word' id='word_1_277' title='bbox 932 2078 1014 2128; x_wconf 91' lang='lat' dir='ltr'>rediit.</span> <span class='ocrx_word' id='word_1_278' title='bbox 1028 2106 1061 2117; x_wconf 90' lang='lat'><strong>—</strong></span> 
     </span>
     <span class='ocr_line' id='line_1_30' title="bbox 74 2141 1061 2212; baseline 0.004 -21"><span class='ocrx_word' id='word_1_279' title='bbox 74 2144 115 2202; x_wconf 88' lang='lat'>11,</span> <span class='ocrx_word' id='word_1_280' title='bbox 129 2144 153 2195; x_wconf 76' lang='lat' dir='ltr'>i.</span> <span class='ocrx_word' id='word_1_281' title='bbox 172 2141 331 2206; x_wconf 84' lang='lat' dir='ltr'>Quemquam</span> <span class='ocrx_word' id='word_1_282' title='bbox 349 2159 425 2205; x_wconf 89' lang='lat' dir='ltr'>quam</span> <span class='ocrx_word' id='word_1_283' title='bbox 443 2159 520 2209; x_wconf 87' lang='lat' dir='ltr'>saepe</span> <span class='ocrx_word' id='word_1_284' title='bbox 538 2159 553 2193; x_wconf 88' lang='lat' dir='ltr'>e</span> <span class='ocrx_word' id='word_1_285' title='bbox 570 2153 594 2192; x_wconf 90' lang='lat' dir='ltr'>et</span> <span class='ocrx_word' id='word_1_286' title='bbox 608 2146 630 2208; x_wconf 84' lang='lat' dir='ltr'>t,</span> <span class='ocrx_word' id='word_1_287' title='bbox 649 2145 675 2192; x_wconf 92' lang='lat' dir='ltr'>ln</span> <span class='ocrx_word' id='word_1_288' title='bbox 693 2144 914 2195; x_wconf 84' lang='lat' dir='ltr'>terminationibus</span> <span class='ocrx_word' id='word_1_289' title='bbox 932 2160 1061 2212; x_wconf 86' lang='lat' dir='ltr'>maxume,</span> 
     </span>
     <span class='ocr_line' id='line_1_31' title="bbox 74 2208 1062 2278; baseline 0.005 -20"><span class='ocrx_word' id='word_1_290' title='bbox 74 2208 182 2259; x_wconf 89' lang='lat' dir='ltr'>ccniusa</span> <span class='ocrx_word' id='word_1_291' title='bbox 199 2211 259 2269; x_wconf 89' lang='lat' dir='ltr'>sint,</span> <span class='ocrx_word' id='word_1_292' title='bbox 277 2211 327 2260; x_wconf 90' lang='lat' dir='ltr'>dici</span> <span class='ocrx_word' id='word_1_293' title='bbox 345 2211 389 2260; x_wconf 87' lang='lat' dir='ltr'>vix</span> <span class='ocrx_word' id='word_1_294' title='bbox 406 2221 500 2276; x_wconf 88' lang='lat' dir='ltr'>potest,</span> <span class='ocrx_word' id='word_1_295' title='bbox 519 2224 626 2272; x_wconf 85' lang='lat' dir='ltr'>eamque</span> <span class='ocrx_word' id='word_1_296' title='bbox 643 2211 676 2261; x_wconf 90' lang='lat' dir='ltr'>cb</span> <span class='ocrx_word' id='word_1_297' title='bbox 694 2225 798 2262; x_wconf 88' lang='lat' dir='ltr'>causam</span> <span class='ocrx_word' id='word_1_298' title='bbox 816 2216 983 2278; x_wconf 70' lang='lat' dir='ltr'>temperarint</span> <span class='ocrx_word' id='word_1_299' title='bbox 999 2215 1062 2263; x_wconf 90' lang='lat' dir='ltr'>scri-</span> 
     </span>
     <span class='ocr_line' id='line_1_32' title="bbox 73 2277 1061 2343; baseline 0.005 -18"><span class='ocrx_word' id='word_1_300' title='bbox 73 2277 133 2326; x_wconf 93' lang='lat' dir='ltr'>bere</span> <span class='ocrx_word' id='word_1_301' title='bbox 150 2292 183 2327; x_wconf 93' lang='lat' dir='ltr'>ne</span> <span class='ocrx_word' id='word_1_302' title='bbox 204 2292 252 2343; x_wconf 90' lang='lat' dir='ltr'>pro</span> <span class='ocrx_word' id='word_1_303' title='bbox 276 2277 451 2329; x_wconf 88' lang='lat' dir='ltr'>emendatione</span> <span class='ocrx_word' id='word_1_304' title='bbox 474 2277 577 2340; x_wconf 90' lang='lat' dir='ltr'>quidem</span> <span class='ocrx_word' id='word_1_305' title='bbox 599 2277 756 2339; x_wconf 88' lang='lat' dir='ltr'>habendum,</span> <span class='ocrx_word' id='word_1_306' title='bbox 783 2287 867 2329; x_wconf 89' lang='lat' dir='ltr'>tamen</span> <span class='ocrx_word' id='word_1_307' title='bbox 889 2295 920 2330; x_wconf 88' lang='lat' dir='ltr'>ne</span> <span class='ocrx_word' id='word_1_308' title='bbox 938 2278 1061 2330; x_wconf 85' lang='lat' dir='ltr'>Sallustio</span> 
     </span>
     <span class='ocr_line' id='line_1_33' title="bbox 73 2344 1063 2412; baseline 0.003 -19"><span class='ocrx_word' id='word_1_309' title='bbox 73 2359 144 2394; x_wconf 88' lang='lat' dir='ltr'>meas</span> <span class='ocrx_word' id='word_1_310' title='bbox 164 2345 297 2410; x_wconf 86' lang='lat' dir='ltr'>opiniones</span> <span class='ocrx_word' id='word_1_311' title='bbox 317 2344 451 2396; x_wconf 88' lang='lat' dir='ltr'>obtrudere</span> <span class='ocrx_word' id='word_1_312' title='bbox 468 2345 575 2404; x_wconf 75' lang='lat' dir='ltr'>viderer,</span> <span class='ocrx_word' id='word_1_313' title='bbox 594 2350 766 2412; x_wconf 80' lang='lat' dir='ltr'>temperarent</span> <span class='ocrx_word' id='word_1_314' title='bbox 779 2361 848 2396; x_wconf 90' lang='lat' dir='ltr'>nunc</span> <span class='ocrx_word' id='word_1_315' title='bbox 858 2347 959 2407; x_wconf 83' lang='lat' dir='ltr'>retinui,</span> <span class='ocrx_word' id='word_1_316' title='bbox 979 2356 1017 2396; x_wconf 90' lang='lat' dir='ltr'>set</span> <span class='ocrx_word' id='word_1_317' title='bbox 1034 2357 1063 2396; x_wconf 85' lang='lat' dir='ltr'>nt</span> 
     </span>
     <span class='ocr_line' id='line_1_34' title="bbox 72 2412 1062 2480; baseline 0.001 -19"><span class='ocrx_word' id='word_1_318' title='bbox 72 2422 140 2462; x_wconf 89' lang='lat' dir='ltr'>reote</span> <span class='ocrx_word' id='word_1_319' title='bbox 158 2414 224 2464; x_wconf 90' lang='lat' dir='ltr'>coni.</span> <span class='ocrx_word' id='word_1_320' title='bbox 242 2413 306 2480; x_wconf 87' lang='lat' dir='ltr'>inpi.</span> <span class='ocrx_word' id='word_1_321' title='bbox 324 2412 503 2479; x_wconf 86' lang='lat' dir='ltr'>explicaretur,</span> <span class='ocrx_word' id='word_1_322' title='bbox 521 2412 662 2461; x_wconf 88' lang='lat' dir='ltr'>membrum</span> <span class='ocrx_word' id='word_1_323' title='bbox 682 2428 698 2462; x_wconf 92' lang='lat' dir='ltr'>e</span> <span class='ocrx_word' id='word_1_324' title='bbox 715 2427 762 2478; x_wconf 88' lang='lat' dir='ltr'>pru</span> <span class='ocrx_word' id='word_1_325' title='bbox 810 2428 868 2464; x_wconf 90' lang='lat' dir='ltr'>esso</span> <span class='ocrx_word' id='word_1_326' title='bbox 887 2415 1005 2479; x_wconf 85' lang='lat' dir='ltr'>graviore</span> <span class='ocrx_word' id='word_1_327' title='bbox 1022 2415 1062 2462; x_wconf 93' lang='lat' dir='ltr'>in-</span> 
     </span>
     <span class='ocr_line' id='line_1_35' title="bbox 73 2428 1062 2548; baseline 0.002 -20"><span class='ocrx_word' id='word_1_328' title='bbox 73 2481 171 2530; x_wconf 86' lang='lat' dir='ltr'>cisione</span> <span class='ocrx_word' id='word_1_329' title='bbox 188 2482 359 2546; x_wconf 89' lang='lat' dir='ltr'>seperandum</span> <span class='ocrx_word' id='word_1_330' title='bbox 376 2481 475 2547; x_wconf 83' lang='lat' dir='ltr'>putari.</span> <span class='ocrx_word' id='word_1_331' title='bbox 497 2507 531 2517; x_wconf 93' lang='lat'>-</span> <span class='ocrx_word' id='word_1_332' title='bbox 553 2482 594 2539; x_wconf 86' lang='lat' dir='ltr'>lii,</span> <span class='ocrx_word' id='word_1_333' title='bbox 609 2481 632 2528; x_wconf 85' lang='lat'>1.</span> <span class='ocrx_word' id='word_1_334' title='bbox 649 2428 809 2548; x_wconf 47' lang='lat' dir='ltr'>coerctrottsff¹</span> <span class='ocrx_word' id='word_1_335' title='bbox 819 2487 965 2544; x_wconf 83' lang='lat' dir='ltr'>contracto,</span> <span class='ocrx_word' id='word_1_336' title='bbox 992 2481 1062 2543; x_wconf 91' lang='lat' dir='ltr'>quod</span> 
     </span>
     <span class='ocr_line' id='line_1_36' title="bbox 74 2544 1062 2610; baseline 0.002 -16"><span class='ocrx_word' id='word_1_337' title='bbox 74 2548 134 2607; x_wconf 88' lang='lat' dir='ltr'>quia</span> <span class='ocrx_word' id='word_1_338' title='bbox 150 2548 232 2610; x_wconf 54' lang='lat' dir='ltr'>mame</span> <span class='ocrx_word' id='word_1_339' title='bbox 251 2548 380 2610; x_wconf 70' lang='lat' dir='ltr'>poeticum</span> <span class='ocrx_word' id='word_1_340' title='bbox 402 2556 441 2595; x_wconf 92' lang='lat' dir='ltr'>est</span> <span class='ocrx_word' id='word_1_341' title='bbox 462 2549 547 2596; x_wconf 90' lang='lat' dir='ltr'>reieci.</span> <span class='ocrx_word' id='word_1_342' title='bbox 592 2544 637 2595; x_wconf 86' lang='lat' dir='ltr'>Set</span> <span class='ocrx_word' id='word_1_343' title='bbox 653 2546 720 2594; x_wconf 87' lang='lat' dir='ltr'>inira</span> <span class='ocrx_word' id='word_1_344' title='bbox 737 2549 779 2604; x_wconf 81' lang='lat'>28,</span> <span class='ocrx_word' id='word_1_345' title='bbox 793 2548 824 2595; x_wconf 94' lang='grc'>11</span> <span class='ocrx_word' id='word_1_346' title='bbox 843 2549 980 2595; x_wconf 89' lang='lat' dir='ltr'>etiamnum</span> <span class='ocrx_word' id='word_1_347' title='bbox 997 2546 1062 2596; x_wconf 84' lang='lat' dir='ltr'>Gro-</span> 
     </span>
     <span class='ocr_line' id='line_1_37' title="bbox 74 2611 1061 2677; baseline 0.001 -15"><span class='ocrx_word' id='word_1_348' title='bbox 74 2612 143 2662; x_wconf 88' lang='lat' dir='ltr'>novii</span> <span class='ocrx_word' id='word_1_349' title='bbox 161 2611 362 2662; x_wconf 87' lang='lat' dir='ltr'>emendationem</span> <span class='ocrx_word' id='word_1_350' title='bbox 381 2612 542 2661; x_wconf 73' lang='lat' dir='ltr'>extrudendo</span> <span class='ocrx_word' id='word_1_351' title='bbox 559 2611 650 2674; x_wconf 88' lang='lat' dir='ltr'>probo.</span> <span class='ocrx_word' id='word_1_352' title='bbox 668 2635 701 2646; x_wconf 95' lang='lat'>—</span> <span class='ocrx_word' id='word_1_353' title='bbox 720 2612 794 2671; x_wconf 88' lang='lat'>14,1.</span> <span class='ocrx_word' id='word_1_354' title='bbox 814 2618 937 2677; x_wconf 72' lang='lat' dir='ltr'>tctaqaam</span> <span class='ocrx_word' id='word_1_355' title='bbox 954 2615 1061 2676; x_wconf 82' lang='lat' dir='ltr'>stipato·</span> 
     </span>
     <span class='ocr_line' id='line_1_38' title="bbox 74 2675 1060 2745; baseline 0.004 -15"><span class='ocrx_word' id='word_1_356' title='bbox 74 2677 137 2745; x_wconf 80' lang='lat' dir='ltr'>rum]</span> <span class='ocrx_word' id='word_1_357' title='bbox 158 2677 280 2728; x_wconf 86' lang='lat' dir='ltr'>Binsi&#39;eld.</span> <span class='ocrx_word' id='word_1_358' title='bbox 299 2676 365 2727; x_wconf 86' lang='lat' dir='ltr'>Mus.</span> <span class='ocrx_word' id='word_1_359' title='bbox 384 2675 465 2726; x_wconf 83' lang='lat' dir='ltr'>Rhen.</span> <span class='ocrx_word' id='word_1_360' title='bbox 484 2675 575 2726; x_wconf 76' lang='lat' dir='ltr'>XXIB</span> <span class='ocrx_word' id='word_1_361' title='bbox 592 2691 619 2742; x_wconf 90' lang='lat' dir='ltr'>p.</span> <span class='ocrx_word' id='word_1_362' title='bbox 630 2677 682 2727; x_wconf 75' lang='grc'>486</span> <span class='ocrx_word' id='word_1_363' title='bbox 693 2692 733 2740; x_wconf 86' lang='lat' dir='ltr'>sq.</span> <span class='ocrx_word' id='word_1_364' title='bbox 751 2684 875 2743; x_wconf 80' lang='lat' dir='ltr'>tamquam</span> <span class='ocrx_word' id='word_1_365' title='bbox 891 2680 1060 2744; x_wconf 74' lang='lat' dir='ltr'>etiprote&#39;oaem·</span> 
     </span>
     <span class='ocr_line' id='line_1_39' title="bbox 73 2743 1060 2808; baseline 0.001 -12"><span class='ocrx_word' id='word_1_366' title='bbox 73 2747 202 2805; x_wconf 78' lang='lat' dir='ltr'>-14‚o.</span> <span class='ocrx_word' id='word_1_367' title='bbox 220 2750 306 2796; x_wconf 84' lang='lat' dir='ltr'>aetate</span> <span class='ocrx_word' id='word_1_368' title='bbox 323 2759 356 2794; x_wconf 92' lang='lat' dir='ltr'>ex</span> <span class='ocrx_word' id='word_1_369' title='bbox 372 2758 449 2793; x_wconf 87' lang='lat' dir='ltr'>versu</span> <span class='ocrx_word' id='word_1_370' title='bbox 467 2743 583 2806; x_wconf 87' lang='lat' dir='ltr'>sequenti</span> <span class='ocrx_word' id='word_1_371' title='bbox 603 2743 712 2808; x_wconf 79' lang='lat' dir='ltr'>petitum</span> <span class='ocrx_word' id='word_1_372' title='bbox 734 2757 792 2795; x_wconf 88' lang='lat' dir='ltr'>esse</span> <span class='ocrx_word' id='word_1_373' title='bbox 809 2745 918 2796; x_wconf 88' lang='lat' dir='ltr'>lordano</span> <span class='ocrx_word' id='word_1_374' title='bbox 940 2747 1060 2797; x_wconf 89' lang='lat' dir='ltr'>concedo.</span> 
     </span>
     <span class='ocr_line' id='line_1_40' title="bbox 74 2807 1061 2878; baseline 0.002 -17"><span class='ocrx_word' id='word_1_375' title='bbox 74 2840 106 2850; x_wconf 95' lang='lat'><em>-</em></span> <span class='ocrx_word' id='word_1_376' title='bbox 125 2815 165 2872; x_wconf 85' lang='lat' dir='ltr'>ib,</span> <span class='ocrx_word' id='word_1_377' title='bbox 178 2816 202 2863; x_wconf 77' lang='lat' dir='ltr'>b.</span> <span class='ocrx_word' id='word_1_378' title='bbox 218 2813 345 2876; x_wconf 71' lang='lat' dir='ltr'>fammaris</span> <span class='ocrx_word' id='word_1_379' title='bbox 361 2807 515 2875; x_wconf 74' lang='lat' dir='ltr'>maturandi]</span> <span class='ocrx_word' id='word_1_380' title='bbox 533 2810 635 2873; x_wconf 77' lang='lat' dir='ltr'>sucinos</span> <span class='ocrx_word' id='word_1_381' title='bbox 651 2813 797 2863; x_wconf 81' lang='lat' dir='ltr'>maturandi</span> <span class='ocrx_word' id='word_1_382' title='bbox 812 2814 831 2862; x_wconf 89' lang='lat'>1.</span> <span class='ocrx_word' id='word_1_383' title='bbox 850 2828 883 2863; x_wconf 88' lang='lat' dir='ltr'>ex</span> <span class='ocrx_word' id='word_1_384' title='bbox 899 2828 925 2878; x_wconf 89' lang='lat' dir='ltr'>p.</span> <span class='ocrx_word' id='word_1_385' title='bbox 943 2812 988 2864; x_wconf 87' lang='lat' dir='ltr'>Set</span> <span class='ocrx_word' id='word_1_386' title='bbox 1004 2829 1061 2863; x_wconf 91' lang='lat' dir='ltr'>cnm</span> 
     </span>
     <span class='ocr_line' id='line_1_41' title="bbox 73 2877 1059 2944; baseline 0.005 -18"><span class='ocrx_word' id='word_1_387' title='bbox 73 2879 156 2944; x_wconf 86' lang='lat' dir='ltr'>prima</span> <span class='ocrx_word' id='word_1_388' title='bbox 168 2892 258 2927; x_wconf 87' lang='lat' dir='ltr'>manus</span> <span class='ocrx_word' id='word_1_389' title='bbox 270 2877 325 2927; x_wconf 88' lang='lat' dir='ltr'>inP</span> <span class='ocrx_word' id='word_1_390' title='bbox 336 2879 437 2940; x_wconf 74' lang='lat' dir='ltr'>facinus</span> <span class='ocrx_word' id='word_1_391' title='bbox 448 2878 606 2928; x_wconf 73' lang='lat' dir='ltr'>maturastis</span> <span class='ocrx_word' id='word_1_392' title='bbox 623 2877 751 2940; x_wconf 81' lang='lat' dir='ltr'>exhibeat,</span> <span class='ocrx_word' id='word_1_393' title='bbox 770 2888 855 2930; x_wconf 90' lang='lat' dir='ltr'>utrum</span> <span class='ocrx_word' id='word_1_394' title='bbox 872 2879 925 2929; x_wconf 87' lang='lat' dir='ltr'>veri</span> <span class='ocrx_word' id='word_1_395' title='bbox 942 2881 1059 2944; x_wconf 84' lang='lat' dir='ltr'>similius,</span> 
     </span>
     <span class='ocr_line' id='line_1_42' title="bbox 75 2943 1061 3014; baseline 0.005 -20"><span class='ocrx_word' id='word_1_396' title='bbox 75 2944 182 2995; x_wconf 85' lang='lat' dir='ltr'>scribam</span> <span class='ocrx_word' id='word_1_397' title='bbox 200 2958 266 3006; x_wconf 87' lang='lat' dir='ltr'>quae</span> <span class='ocrx_word' id='word_1_398' title='bbox 283 2944 310 2991; x_wconf 94' lang='lat' dir='ltr'>in</span> <span class='ocrx_word' id='word_1_399' title='bbox 327 2943 465 3008; x_wconf 75' lang='lat' dir='ltr'>archetypo</span> <span class='ocrx_word' id='word_1_400' title='bbox 488 2958 535 2993; x_wconf 91' lang='lat' dir='ltr'>suo</span> <span class='ocrx_word' id='word_1_401' title='bbox 558 2955 654 3005; x_wconf 86' lang='lat' dir='ltr'>essent,</span> <span class='ocrx_word' id='word_1_402' title='bbox 677 2955 745 2996; x_wconf 89' lang='lat' dir='ltr'>recte</span> <span class='ocrx_word' id='word_1_403' title='bbox 766 2946 850 3012; x_wconf 89' lang='lat' dir='ltr'>legere</span> <span class='ocrx_word' id='word_1_404' title='bbox 871 2961 923 2996; x_wconf 93' lang='lat' dir='ltr'>non</span> <span class='ocrx_word' id='word_1_405' title='bbox 944 2949 1061 3014; x_wconf 89' lang='lat' dir='ltr'>potuisse</span> 
     </span>
     <span class='ocr_line' id='line_1_43' title="bbox 74 3010 1059 3074; baseline 0.004 -12"><span class='ocrx_word' id='word_1_406' title='bbox 74 3024 180 3072; x_wconf 69' lang='lat' dir='ltr'>mmque</span> <span class='ocrx_word' id='word_1_407' title='bbox 198 3010 230 3059; x_wconf 91' lang='lat' dir='ltr'>ob</span> <span class='ocrx_word' id='word_1_408' title='bbox 248 3024 352 3060; x_wconf 87' lang='lat' dir='ltr'>causam</span> <span class='ocrx_word' id='word_1_409' title='bbox 369 3010 396 3061; x_wconf 88' lang='lat' dir='ltr'>in</span> <span class='ocrx_word' id='word_1_410' title='bbox 413 3025 465 3060; x_wconf 90' lang='lat' dir='ltr'>uno</span> <span class='ocrx_word' id='word_1_411' title='bbox 483 3011 568 3062; x_wconf 87' lang='lat' dir='ltr'>codice</span> <span class='ocrx_word' id='word_1_412' title='bbox 586 3021 696 3062; x_wconf 85' lang='lat' dir='ltr'>erratum</span> <span class='ocrx_word' id='word_1_413' title='bbox 714 3029 779 3074; x_wconf 88' lang='lat' dir='ltr'>esse,</span> <span class='ocrx_word' id='word_1_414' title='bbox 804 3029 837 3064; x_wconf 90' lang='lat' dir='ltr'>en</span> <span class='ocrx_word' id='word_1_415' title='bbox 857 3027 944 3064; x_wconf 88' lang='lat' dir='ltr'>omnes</span> <span class='ocrx_word' id='word_1_416' title='bbox 962 3024 1059 3066; x_wconf 88' lang='lat' dir='ltr'>ceteros</span> 
     </span>
     <span class='ocr_line' id='line_1_44' title="bbox 74 3077 1059 3146; baseline 0.006 -19"><span class='ocrx_word' id='word_1_417' title='bbox 74 3094 106 3128; x_wconf 88' lang='lat' dir='ltr'>cx</span> <span class='ocrx_word' id='word_1_418' title='bbox 122 3077 244 3127; x_wconf 86' lang='lat' dir='ltr'>audacter</span> <span class='ocrx_word' id='word_1_419' title='bbox 260 3085 377 3126; x_wconf 80' lang='lat' dir='ltr'>consecto</span> <span class='ocrx_word' id='word_1_420' title='bbox 390 3079 529 3146; x_wconf 89' lang='lat' dir='ltr'>exemplari</span> <span class='ocrx_word' id='word_1_421' title='bbox 541 3079 666 3129; x_wconf 74' lang='lat' dir='ltr'>fluxisset</span> <span class='ocrx_word' id='word_1_422' title='bbox 679 3105 712 3116; x_wconf 95' lang='lat'>—</span> <span class='ocrx_word' id='word_1_423' title='bbox 730 3082 803 3145; x_wconf 86' lang='lat' dir='ltr'>i8,l.</span> <span class='ocrx_word' id='word_1_424' title='bbox 823 3079 870 3139; x_wconf 81' lang='lat' dir='ltr'>Qui</span> <span class='ocrx_word' id='word_1_425' title='bbox 885 3083 916 3131; x_wconf 92' lang='lat' dir='ltr'>ob</span> <span class='ocrx_word' id='word_1_426' title='bbox 929 3080 1059 3133; x_wconf 89' lang='lat' dir='ltr'>Diomedis</span> 
     </span>
     <span class='ocr_line' id='line_1_45' title="bbox 73 3143 1059 3213; baseline 0.007 -19"><span class='ocrx_word' id='word_1_427' title='bbox 73 3145 148 3194; x_wconf 88' lang='lat' dir='ltr'>iidem</span> <span class='ocrx_word' id='word_1_428' title='bbox 166 3152 256 3195; x_wconf 88' lang='lat' dir='ltr'>contra</span> <span class='ocrx_word' id='word_1_429' title='bbox 273 3159 360 3194; x_wconf 89' lang='lat' dir='ltr'>omnes</span> <span class='ocrx_word' id='word_1_430' title='bbox 378 3143 456 3195; x_wconf 89' lang='lat' dir='ltr'>libros</span> <span class='ocrx_word' id='word_1_431' title='bbox 474 3149 502 3197; x_wconf 83' lang='lat' dir='ltr'>in</span> <span class='ocrx_word' id='word_1_432' title='bbox 519 3149 575 3213; x_wconf 84' lang='lat' dir='ltr'>quie</span> <span class='ocrx_word' id='word_1_433' title='bbox 592 3146 694 3207; x_wconf 86' lang='lat' dir='ltr'>scribat,</span> <span class='ocrx_word' id='word_1_434' title='bbox 713 3162 798 3199; x_wconf 89' lang='lat' dir='ltr'>nonne</span> <span class='ocrx_word' id='word_1_435' title='bbox 815 3149 892 3198; x_wconf 87' lang='lat' dir='ltr'>etiam</span> <span class='ocrx_word' id='word_1_436' title='bbox 910 3149 1059 3200; x_wconf 80' lang='lat' dir='ltr'>brevissume</span> 
     </span>
     <span class='ocr_line' id='line_1_46' title="bbox 73 3211 1059 3280; baseline 0.005 -19"><span class='ocrx_word' id='word_1_437' title='bbox 73 3212 105 3262; x_wconf 86' lang='lat' dir='ltr'>ab</span> <span class='ocrx_word' id='word_1_438' title='bbox 117 3212 208 3262; x_wconf 90' lang='lat' dir='ltr'>eodem</span> <span class='ocrx_word' id='word_1_439' title='bbox 220 3211 344 3262; x_wconf 89' lang='lat' dir='ltr'>traditum</span> <span class='ocrx_word' id='word_1_440' title='bbox 354 3227 400 3276; x_wconf 88' lang='lat' dir='ltr'>pro</span> <span class='ocrx_word' id='word_1_441' title='bbox 413 3216 546 3265; x_wconf 67' lang='lat' dir='ltr'>temeratae</span> <span class='ocrx_word' id='word_1_442' title='bbox 558 3216 671 3280; x_wconf 87' lang='lat' dir='ltr'>recipere</span> <span class='ocrx_word' id='word_1_443' title='bbox 680 3214 797 3265; x_wconf 72' lang='lat' dir='ltr'>debebit?</span> <span class='ocrx_word' id='word_1_444' title='bbox 807 3241 840 3251; x_wconf 94' lang='lat'>—</span> <span class='ocrx_word' id='word_1_445' title='bbox 853 3213 1059 3276; x_wconf 62' lang='lat' dir='ltr'>teuderacis</span> 
     </span>
     <span class='ocr_line' id='line_1_47' title="bbox 74 3280 1060 3347; baseline 0.004 -17"><span class='ocrx_word' id='word_1_446' title='bbox 74 3281 182 3344; x_wconf 78' lang='lat' dir='ltr'>quod-</span> <span class='ocrx_word' id='word_1_447' title='bbox 191 3280 333 3346; x_wconf 80' lang='lat' dir='ltr'>nequiverit</span> <span class='ocrx_word' id='word_1_448' title='bbox 344 3281 457 3345; x_wconf 88' lang='lat' dir='ltr'>suspicio</span> <span class='ocrx_word' id='word_1_449' title='bbox 470 3297 527 3331; x_wconf 89' lang='lat' dir='ltr'>mea</span> <span class='ocrx_word' id='word_1_450' title='bbox 538 3281 599 3330; x_wconf 90' lang='lat' dir='ltr'>mihi</span> <span class='ocrx_word' id='word_1_451' title='bbox 612 3280 724 3332; x_wconf 87' lang='lat' dir='ltr'>nondum</span> <span class='ocrx_word' id='word_1_452' title='bbox 741 3283 869 3347; x_wconf 86' lang='lat' dir='ltr'>adempta.</span> <span class='ocrx_word' id='word_1_453' title='bbox 897 3282 991 3334; x_wconf 82' lang='lat' dir='ltr'>Romus</span> <span class='ocrx_word' id='word_1_454' title='bbox 1007 3284 1060 3334; x_wconf 88' lang='lat' dir='ltr'>iam</span> 
     </span>
     <span class='ocr_line' id='line_1_48' title="bbox 74 3347 1059 3410; baseline 0.009 -17"><span class='ocrx_word' id='word_1_455' title='bbox 74 3347 427 3400; x_wconf 79' lang='lat' dir='ltr'>inec.1sotrcicceram.-</span> <span class='ocrx_word' id='word_1_456' title='bbox 445 3349 517 3410; x_wconf 85' lang='grc'>18,6.</span> <span class='ocrx_word' id='word_1_457' title='bbox 534 3347 666 3398; x_wconf 87' lang='lat' dir='ltr'>Lacunam</span> <span class='ocrx_word' id='word_1_458' title='bbox 684 3364 742 3399; x_wconf 89' lang='lat' dir='ltr'>esse</span> <span class='ocrx_word' id='word_1_459' title='bbox 758 3350 895 3400; x_wconf 90' lang='lat' dir='ltr'>etiamnum</span> <span class='ocrx_word' id='word_1_460' title='bbox 913 3363 1014 3402; x_wconf 82' lang='lat' dir='ltr'>censeo.</span> <span class='ocrx_word' id='word_1_461' title='bbox 1027 3377 1059 3387; x_wconf 91' lang='lat'>·-</span> 
     </span>
     <span class='ocr_line' id='line_1_49' title="bbox 75 3413 1058 3481; baseline 0.003 -17"><span class='ocrx_word' id='word_1_462' title='bbox 75 3413 115 3475; x_wconf 85' lang='lat' dir='ltr'>te,</span> <span class='ocrx_word' id='word_1_463' title='bbox 127 3414 151 3463; x_wconf 64' lang='lat' dir='ltr'>b⁴</span> <span class='ocrx_word' id='word_1_464' title='bbox 161 3422 220 3466; x_wconf 83' lang='lat' dir='ltr'>ante</span> <span class='ocrx_word' id='word_1_465' title='bbox 232 3416 258 3466; x_wconf 92' lang='lat' dir='ltr'>in</span> <span class='ocrx_word' id='word_1_466' title='bbox 269 3414 389 3467; x_wconf 84' lang='lat' dir='ltr'>omuibus</span> <span class='ocrx_word' id='word_1_467' title='bbox 399 3414 469 3465; x_wconf 93' lang='lat' dir='ltr'>libris</span> <span class='ocrx_word' id='word_1_468' title='bbox 486 3429 534 3480; x_wconf 92' lang='lat' dir='ltr'>pro</span> <span class='ocrx_word' id='word_1_469' title='bbox 546 3422 623 3466; x_wconf 83' lang='lat' dir='ltr'>antea</span> <span class='ocrx_word' id='word_1_470' title='bbox 634 3416 757 3481; x_wconf 89' lang='lat' dir='ltr'>scriptum</span> <span class='ocrx_word' id='word_1_471' title='bbox 769 3431 835 3477; x_wconf 89' lang='lat' dir='ltr'>esse,</span> <span class='ocrx_word' id='word_1_472' title='bbox 853 3415 939 3466; x_wconf 90' lang='lat' dir='ltr'>silenti</span> <span class='ocrx_word' id='word_1_473' title='bbox 949 3416 1058 3468; x_wconf 90' lang='lat' dir='ltr'>lordsnc</span> 
     </span>
     <span class='ocr_line' id='line_1_50' title="bbox 75 3480 1057 3550; baseline 0.007 -22"><span class='ocrx_word' id='word_1_474' title='bbox 75 3480 1057 3550; x_wconf 74' lang='lat' dir='ltr'>credami-20,&#39;l.ceteriomaes,etrenuiboat,noblteeatqueipaobilee]1.ex</span> 
     </span>
    </p>
   </div>
   <div class='ocr_carea' id='block_1_4' title="bbox 0 0 1200 3848">
    <p class='ocr_par' dir='ltr' id='par_1_5' title="bbox 0 0 1200 3848">
     <span class='ocr_line' id='line_1_51' title="bbox 0 0 1200 3848; baseline 0 0"><span class='ocrx_word' id='word_1_475' title='bbox 0 0 1200 3848; x_wconf 95' lang='lat' dir='ltr'> </span> 
     </span>
    </p>
   </div>
  </div>
 </body>
</html>
