2392 3848
294 202 337 244 nu
358 203 461 246 sunno
483 203 683 249 rvuvnrunro
706 204 732 248 c.
754 196 779 252 7.
798 196 824 252 8.
846 199 870 254 9.
1025 190 1063 251 ll

89 349 169 418 silio,
192 367 316 428 quorum
327 349 452 413 alterum
464 370 500 412 ex
520 353 700 430 providentia
712 355 863 422 timorem,
885 353 1011 414 alterum
1029 373 1065 416 ex

90 433 210 495 audacia
227 434 420 496 temeritatem
441 435 558 497 adferre
572 435 745 517 plerumque
757 435 840 498 solet
869 436 962 513 Igitur
976 439 1093 517 impe-t

89 523 171 578 rator
188 519 281 579 omnis
296 515 359 578 iere
372 534 422 579 res
435 536 555 596 asperas
570 537 623 597 per
643 519 814 598 Iugurtham
832 538 930 599 agere,
950 520 981 580 in
995 523 1066 580 ami·

91 601 132 660 cis
152 599 278 669 habue.
301 600 394 677 magis
406 603 558 680 magisque
573 622 641 665 eum
661 605 692 664 iu
714 604 775 665 dies
792 603 935 681 amplecti,
959 606 1067 681 quippe

71 683 173 746 aeuus
187 701 283 761 neque
306 683 459 747 consilium
472 703 568 764 neque
589 688 737 764 inceptum
757 687 851 748 ullum
866 688 974 748 frustra
993 694 1065 749 erat.

89 766 154 827 lluc
172 766 332 829 adcedebat
349 769 547 831 munificentia
560 770 648 829 animi
669 776 699 830 et
719 771 818 845 ingeni
834 769 978 838 sollertia,
989 766 1092 848 ‘quis-1
1146 812 1149 816 -

89 848 180 909 rebus
191 848 363 913 ubimultos
375 866 411 910 cr
423 849 562 911 Romanis
577 850 710 912 familiari
728 853 852 912 anridha
867 853 1066 913 coniunxerat.

90 931 132 996 Ea
153 936 324 1008 tempestate
344 934 374 992 iu
394 934 525 994 exercitu
542 940 643 995 nostro
665 934 749 996 fuere
769 933 925 1012 conplures
943 937 1011 994 novi
1024 941 1099 1002 at·8

91 1031 148 1092 que
158 1013 280 1084 nobiles,
297 1015 404 1094 quibus
415 1016 529 1077 divitiae
540 1016 624 1077 hono
633 1016 817 1097 honestoque
828 1019 958 1115 potiores
973 1026 1066 1087 erant,

57 1097 206 1159 relectiosi
222 1098 310 1169 domi,
330 1106 465 1176 potentes
479 1101 558 1177 apud
576 1102 680 1169 socios,
703 1101 775 1162 cleri
795 1103 994 1179 magisquam
1014 1101 1068 1160 ho·

88 1181 179 1250 nesti,
201 1183 251 1260 qui
271 1181 429 1258 Iugurthae
448 1200 508 1244 uon
534 1183 713 1246 mediocrem
734 1179 1068 1263 annuum‘polltcitando

89 1264 299 1333 adcendehant,
314 1265 467 1342 sillieipsa
477 1284 531 1327 rex
546 1267 707 1336 occidisset,
725 1267 788 1328 iore
804 1268 846 1329 uti
860 1266 939 1326 solus
963 1267 1071 1346 inperi

89 1346 241 1409 Numidiae
263 1349 421 1424 potiretur:
448 1350 478 1409 in
504 1350 567 1427 ipso
588 1367 755 1411 maxumam
781 1352 932 1419 virtutem,
957 1348 1068 1410 Romae

90 1433 187 1493 omnia
195 1431 323 1493 raeualia
335 1448 407 1492 esse.
427 1430 479 1492 Set
488 1438 642 1511 postquam
652 1432 808 1495 Numantia
821 1432 915 1493 deleta
925 1432 958 1492 P.
971 1433 1068 1510 Scipio
1079 1446 1097 1494 2

56 1529 80 1570 ro
90 1513 235 1577 dimittere
252 1513 357 1577 amilio
373 1516 478 1594 etipse
493 1517 603 1577 revorti
623 1515 744 1577 domum
763 1516 906 1584 docrevit,
928 1516 1069 1577 donatum

90 1603 177 1677 atque
190 1597 340 1661 laudatum
360 1599 513 1674 magnifiee
526 1617 581 1676 pro
596 1600 731 1659 contione
746 1598 918 1676 Iugurtham
932 1599 963 1658 in
983 1616 1068 1676 prae·

89 1683 198 1743 torium
220 1681 340 1743 abduxit
360 1681 459 1760 ibique
479 1690 594 1744 secreto
618 1684 747 1752 monuit,
777 1689 810 1744 ut
836 1682 932 1759 potius
952 1681 1069 1761 publice

91 1781 180 1840 quam
200 1765 335 1842 privatim
349 1766 504 1826 amicitiam
518 1765 618 1843 populi
638 1765 762 1827 Romani
778 1765 900 1835 coleret,
923 1783 982 1826 neu
1005 1767 1068 1843 qui·

90 1845 147 1909 hus
160 1846 261 1923 largiri
276 1849 469 1908 insuesceret:
491 1849 685 1927 periculosos
703 1850 804 1925 paucis
822 1851 878 1909 emi
896 1849 974 1926 quod
993 1848 1068 1910 mul·

55 1935 189 1991 zelorum
207 1937 298 1992 esset:
320 1933 345 1991 si
364 1947 539 2009 permanere
560 1929 646 1991 vellet
661 1933 691 1991 in
705 1933 765 1991 suis
781 1932 907 1999 artibus,
929 1932 1007 1991 ultro
1028 1932 1068 1991 illi

91 2019 120 2074 et
133 2013 256 2090 gloriam
270 2020 300 2075 et
315 2029 441 2090 regnum
454 2019 618 2082 venturum,
636 2015 682 2074 sin
698 2016 904 2091 properantius
919 2023 1067 2093 pergeret,

90 2105 203 2159 suamet
223 2098 319 2174 ipsum
339 2098 463 2176 pecunia
484 2098 673 2175 praeeipitem
697 2114 844 2159 msurum.
886 2097 935 2158 Sic
953 2097 1104 2159 locutus9

91 2198 158 2242 cum
175 2181 278 2243 litteris
295 2199 372 2249 eum,
393 2197 466 2258 quas
479 2180 616 2258 Micipsae
634 2180 782 2250 redderet,
801 2180 919 2242 dimisit.
959 2180 1070 2240 Earum

90 2265 233 2327 sententia
253 2265 327 2325 haec
345 2271 422 2326 erat:
446 2263 612 2341 ‘iugurthae
632 2264 673 2323 tui
693 2262 771 2324 hello
789 2263 965 2324 Numantino
982 2263 1097 2339 longet

10 2418 12 2428 Ι
57 2364 226 2408 asmaxuma
243 2349 336 2408 virtus
355 2346 417 2413 luit,
435 2364 522 2424 qnam
539 2364 604 2406 rem
621 2345 673 2409 tihi
694 2352 775 2406 certo
789 2348 850 2406 scio
867 2347 973 2421 gaudio
992 2363 1066 2406 esse.

91 2429 182 2491 Nobis
197 2430 234 2490 oh
250 2431 354 2491 merita
367 2446 420 2489 sua
441 2445 527 2489 carus
548 2434 606 2488 est:
628 2435 662 2489 ut
677 2429 756 2487 idern
774 2427 890 2490 senmui
906 2434 937 2488 et
956 2429 1066 2505 populo

91 2513 223 2574 Romano
244 2514 296 2581 sit,
316 2529 430 2573 summa
446 2528 501 2588 ope
516 2512 652 2573 nitemur.
685 2509 750 2571 Tibi
761 2511 879 2588 quidem
899 2527 955 2589 pro
969 2518 1068 2572 nostra

92 2597 214 2657 amicitia
229 2595 370 2674 gratulor.
383 2586 548 2674 [dnlhabes
561 2594 657 2655 virum
667 2593 787 2671 dignum
802 2599 831 2653 te
846 2600 932 2672 atque
947 2612 1000 2654 avo
1014 2611 1069 2655 suo

91 2678 259 2741 Masinissa?
298 2678 390 2755 lgitur
411 2696 478 2747 rex,
502 2677 554 2740 uhi
576 2695 625 2746 ea,
649 2693 724 2756 quae
745 2676 822 2736 lama
840 2685 1008 2754 acceperat,
1033 2689 1097 2740 exa

57 2761 194 2822 solittoris
201 2762 388 2841 imperatoris
399 2765 440 2823 ita
452 2782 517 2824 esse
529 2764 674 2840 cognovit.
692 2777 760 2820 cum
774 2761 881 2819 virtute
901 2767 964 2820 tum
978 2762 1070 2836 gratia

92 2845 146 2905 viri
166 2851 318 2922 permotus
336 2843 416 2905 llexit
436 2844 567 2907 animum
587 2860 674 2905 suum
694 2849 723 2903 et
738 2840 910 2918 Iugurtham
929 2843 1070 2904 benificiis

93 2928 208 2989 vincere
230 2928 385 3004 adgressus
406 2935 450 2989 est
470 2928 624 3005 statimque
646 2943 713 2987 eum
740 2925 899 3005 adoptavit,
927 2933 955 2986 et
982 2933 1069 2987 testa·

92 3017 191 3071 mento
213 3013 322 3088 pariter
342 3029 409 3074 etun
426 3011 492 3073 filiis
510 3010 651 3073 heredem
672 3010 802 3071 instituit.

178 3093 229 3154 Set
242 3095 304 3171 ipse
318 3111 427 3171 paucos
443 3101 510 3173 post
525 3109 620 3157 annos
636 3091 742 3153 morbo
759 3098 846 3170 atque
861 3099 955 3153 aetate
970 3091 1096 3152 conse-4

59 3197 83 3238 sa
93 3190 157 3239 ctus
174 3195 242 3241 cum
256 3175 311 3237 sibi
325 3176 412 3238 linem
429 3179 503 3238 vilae
522 3176 623 3237 adesse
642 3174 832 3252 intellegeret,
853 3191 953 3237 coram
970 3175 1070 3235 amieis

94 3267 123 3320 et
142 3261 273 3338 cognatis
293 3261 421 3337 itemque
445 3258 609 3323 Adherbale
636 3266 665 3320 et
686 3258 851 3338 Hiempsale
878 3257 943 3319 filiis
965 3257 1070 3317 dicitur

93 3342 214 3405 huiusce
233 3343 314 3407 modi
329 3343 417 3405 verba
435 3361 501 3405 cum
515 3343 656 3420 Iugurtha
672 3342 824 3405 hahuisse:

178 3426 311 3488 ‘Pamom
323 3443 387 3504 ego,
408 3424 558 3502 iugurtha,
578 3432 617 3496 te,
639 3428 745 3487 emisso
759 3431 844 3503 patre
858 3425 921 3487 sine
941 3441 994 3504 spe
1007 3424 1070 3486 sine
1082 3422 1122 3484 10
