2392 3848
262 211 305 250 nn
327 211 429 254 annno
451 212 653 256 rvcvnrmno
675 213 701 255 c.
724 207 766 262 39.
786 207 828 260 4ο.
851 207 892 260 41.
1025 198 1065 258 dd
1169 209 1172 214 '

94 355 210 500 largiria
232 365 422 439 conruperat,
446 377 482 421 ex
505 362 587 439 copia
606 379 708 423 rerum
725 365 824 423 statuit
844 363 899 423 sibi
915 362 987 423 nihil
1005 365 1065 439 agi·

89 448 138 500 tan
160 458 218 502 um.

176 525 295 587 Interim
309 525 419 588 Romae
434 529 468 590 G.
483 527 625 589 Mamilius
638 529 805 590 Limetanus
819 529 955 590 tribunus
969 529 1066 607 plebei
1075 533 1119 593 40

91 611 272 687 rogationem
286 610 323 670 ad
337 608 478 690 populum
493 611 673 690 promulgat,
696 614 738 674 uti
755 619 946 692 quaereretur
961 615 990 673 in
1005 630 1064 681 eos,

64 709 216 770 equorum
232 691 352 752 consilio
365 693 506 769 Iugurtha
521 696 614 755 senati
628 696 745 755 decreta
759 695 942 773 neglegisset,
959 697 1065 774 quique

90 775 126 835 ab
149 794 185 836 eo
203 776 233 835 in
249 774 443 851 legationibus
459 783 507 837 aut
515 775 647 854 imperiis
654 779 793 855 pecunias
809 780 997 855 accepissent,
1016 778 1067 856 qui

91 856 261 935 elephantos
275 858 382 935 quique
402 857 540 935 perfugas
560 858 759 930 tradidissent,
780 862 850 920 item
871 861 972 939 quide
992 878 1065 938 pace

89 947 140 1001 aut
159 939 236 1000 hello
258 958 324 1002 cum
345 939 479 1002 hostibus
491 944 641 1019 pactiones
658 942 802 1004 iecissent.
831 943 906 1004 Huic
919 943 1090 1020 rogationis

88 1025 194 1102 partim
211 1026 320 1085 conscii
332 1024 402 1093 sibi,
418 1023 466 1085 alii
480 1043 515 1086 ex
531 1027 657 1104 partium
668 1027 773 1087 invidia
786 1025 917 1104 pericula
932 1033 1064 1087 metuen-

55 1113 148 1176 ntes‚
165 1108 302 1185 quoniam
318 1114 418 1184 aperte
433 1110 569 1170 resistere
584 1126 644 1168 non
663 1116 799 1188 poterant
813 1111 884 1189 quin
901 1109 949 1170 illa
965 1116 995 1169 et
1009 1108 1064 1170 alia

88 1190 155 1251 talia
170 1189 288 1268 plaeere
301 1189 356 1250 sibi
366 1191 537 1261 faterentur,
554 1191 667 1254 occulte
682 1211 736 1271 per
751 1195 860 1254 amicos
875 1212 910 1254 ac
928 1211 1064 1253 maxume

88 1292 142 1352 per
161 1272 295 1334 homines
315 1275 440 1334 nominis
460 1274 554 1334 Latini
575 1281 604 1334 et
624 1277 720 1336 socios
739 1275 853 1337 italicos
868 1276 1064 1355 inpedimenta

89 1355 241 1434 parabant.
285 1356 335 1418 Set
354 1355 455 1434 plebes
474 1356 645 1418 incredibile
665 1365 829 1419 memoratu
851 1367 895 1419 est
915 1377 1003 1437 quam
1020 1359 1091 1424 in·3

88 1445 169 1500 tenta
193 1438 281 1501 luerit
302 1446 467 1518 quantaque
487 1441 515 1500 vi
535 1443 717 1517 rogationem
735 1442 866 1511 iusserit,
884 1443 977 1517 magis
996 1441 1063 1501 edio

55 1542 79 1582 u
90 1521 247 1583 nobilitatis
268 1524 316 1584 eui
332 1521 408 1583 mala
429 1521 477 1584 illa
498 1523 692 1602 parabantur,
715 1541 802 1602 quam
820 1541 890 1585 cura
906 1525 950 1584 rei
969 1522 1064 1602 publi-

91 1625 159 1666 cae:
183 1613 262 1667 tanta
275 1605 376 1667 lubido
390 1607 420 1666 in
434 1607 568 1686 partibus
583 1614 654 1667 erat.
675 1606 767 1684 Igitur
785 1609 889 1668 ceteris
903 1614 982 1667 metu
997 1621 1091 1684 per-4

91 1687 179 1749 culsis
194 1689 232 1748 bl.
249 1688 387 1758 Scaurus,
406 1706 493 1768 quem
512 1689 640 1766 legatum
656 1689 769 1751 bestiae
791 1690 879 1751 inisse
900 1708 987 1768 supra
1012 1689 1064 1750 do·

90 1773 213 1840 enimus,
221 1773 297 1832 inter
306 1771 444 1832 laetitiam
454 1771 547 1850 plebis
555 1781 710 1833 etsuerum
721 1772 830 1850 lugam,
840 1773 953 1852 trepida
964 1773 1065 1834 etiam·

90 1861 152 1914 tum
178 1855 305 1924 civitate,
337 1872 405 1914 cum
427 1872 463 1914 ex
484 1854 609 1915 Mamilia
631 1858 782 1932 rogatione
800 1864 862 1917 tres
886 1858 1066 1934 quaesitores

55 1943 279 2014 irrogarentur,
309 1937 459 2007 effecerat,
489 1938 532 1997 uti
552 1938 615 2015 ipse
643 1940 673 1998 in
695 1956 730 1997 eo
758 1956 882 1998 numero
903 1945 1062 2000 crearetur.

89 2019 141 2095 Set
159 2021 288 2099 quaestio
311 2022 437 2081 exercita
455 2037 559 2098 aspere
573 2019 772 2098 violenterque
793 2039 829 2081 ex
843 2038 962 2082 rumore
977 2026 1007 2081 et
1019 2019 1091 2088 lu·5

89 2102 187 2164 bidine
208 2102 316 2181 plebis:
337 2111 371 2165 ut
392 2121 479 2184 saepe
494 2102 687 2173 nobilitatem,
709 2105 752 2164 sic
770 2122 804 2164 ea
817 2110 991 2184 tempestate
1003 2102 1065 2182 ple-

89 2186 157 2246 bem
178 2204 215 2246 ex
241 2187 376 2249 secundis
394 2187 484 2249 rebus
503 2186 654 2247 insolentia
676 2195 802 2266 ceperat.

173 2269 309 2331 Ceterum
330 2288 395 2331 mos
413 2272 540 2349 partium
561 2269 773 2352 [popularium]
791 2280 821 2331 et
839 2270 985 2351 [senatus]
1005 2270 1064 2331 lac·
1075 2271 1111 2330 41

55 2373 80 2414 aa
89 2355 202 2415 tionum
216 2371 251 2412 ac
269 2353 373 2413 deinde
390 2355 520 2413 omnium
533 2353 676 2414 malarum
690 2355 796 2414 artium
813 2355 915 2430 paucis
931 2359 999 2413 ante
1014 2370 1065 2412 an·

89 2437 135 2495 nis
148 2434 263 2496 Romae
281 2442 363 2496 ortus
386 2441 431 2495 est
451 2437 509 2495 otio
530 2440 616 2512 atque
637 2435 812 2495 abundantia
834 2452 935 2495 earum
953 2451 1064 2502 vrerum,

90 2536 165 2597 quae
179 2519 273 2595 prima
287 2517 425 2578 mortales
440 2517 559 2578 ducunt.
589 2515 664 2577 Nam
683 2523 750 2578 ante
765 2517 969 2595 Carthaginem
988 2515 1093 2580 dele-2

88 2611 149 2661 tam
165 2601 292 2680 populus
313 2608 342 2662 et
362 2607 480 2663 senatus
493 2600 642 2661 Romanus
655 2599 768 2677 placide
785 2601 974 2679 modesteque
989 2601 1066 2660 inter

90 2701 122 2745 se
135 2702 200 2745 rem
213 2682 361 2761 publicam
370 2683 543 2752 tractabant,
555 2700 651 2761 neque
666 2684 775 2760 gloriae
786 2701 882 2762 neque
894 2683 1065 2743 dominatio·

54 2769 134 2827 nnis
146 2773 294 2827 certamen
309 2769 385 2828 inter
398 2769 468 2827 ervis
482 2772 559 2828 erat:
575 2773 670 2826 metus
684 2767 796 2827 hostilis
810 2769 840 2826 in
853 2767 939 2826 benis
954 2765 1066 2826 artibus

90 2851 234 2910 civitatem
248 2849 399 2911 retinebat.
435 2851 485 2912 Set
501 2849 553 2910 ubi
567 2848 756 2914 illalermido
769 2848 917 2911 mentibus
931 2849 1093 2917 decessitt

88 2932 198 2994 scilicet
218 2950 263 3007 ea,
274 2950 349 3012 quae
363 2951 413 2995 res
427 2934 573 2996 secundae
589 2939 699 3002 amant,
720 2931 836 2994 lascivia
853 2939 940 3010 atque
961 2949 1062 3010 super-

88 3016 136 3076 bia
148 3017 303 3077 incessere.
334 3018 377 3078 lta
396 3017 474 3095 quod
492 3019 522 3077 in
537 3016 667 3076 advorsis
679 3015 769 3096 rebus
783 3022 953 3094 optaverant
965 3015 1094 3083 etiamr

87 3107 242 3178 postquam
262 3100 358 3177 adepti
377 3105 455 3168 snnt,
474 3100 605 3179 asperius
626 3097 818 3176 acerbiusque
834 3097 896 3158 luit
934 3097 1095 3174 Namqueo

54 3197 214 3260 accepere
236 3180 372 3243 nobilitas
393 3180 572 3257 dignitatem,
590 3181 717 3259 populus
729 3180 895 3242 libertatem
915 3182 946 3241 in
960 3179 1065 3240 lubidi-

88 3282 156 3325 nem
167 3271 294 3334 rortere,
311 3263 367 3325 sibi
381 3265 504 3342 quisque
517 3264 626 3324 ducere
641 3263 758 3325 trahere
772 3282 886 3344 rapere.
911 3262 953 3322 lta
969 3264 1066 3322 omnia

88 3350 118 3407 in
133 3347 206 3408 duaa
221 3348 313 3427 partis
329 3346 474 3408 abstracta
489 3353 570 3415 sunt,
586 3345 781 3424 respublica,
804 3363 880 3424 quae
892 3345 988 3407 media
1002 3345 1065 3406 lue-

85 3437 148 3500 rat,
171 3429 335 3493 dilacerata.
371 3429 506 3491 Ceterum
519 3427 653 3490 nobilitas
674 3429 799 3490 factione
816 3429 908 3505 magis
925 3426 1093 3505 pellebate
