2392 3848
163 194 182 250 o
289 207 331 246 ns
354 206 525 249 carcerum
547 206 785 250 courvaemoun
807 200 1011 252 c.1o.11.m.

136 356 293 434 tNamque
315 357 433 416 avaritia
457 356 544 415 fidem
566 354 739 432 probitatem
762 363 933 434 ceterasque
954 357 1024 416 artis
1047 356 1138 418 bonas

162 438 320 500 subsortit:
340 438 456 515 probis
478 438 647 516 superbiam
663 438 877 508 crudelitatem,
894 439 963 500 deos
974 438 1139 518 neglegere,

135 524 258 582 domnia
273 523 384 582 venalia
398 522 510 583 habere
526 522 650 583 edocuit.
677 522 803 583 Ambitio
818 522 926 583 multos
940 523 1070 584 mortalis
1085 525 1136 585 lal-

160 624 210 666 sos
226 606 289 665 lieri
305 605 434 682 subegit,
459 605 537 666 aliud
552 604 682 665 clausum
698 607 727 665 in
742 613 876 684 pectore,
900 606 978 667 aliud
994 608 1024 667 in
1039 607 1138 684 lingua

160 696 330 766 promptum
344 689 469 757 habere,
486 690 624 749 amicitias
638 690 858 769 inimicitiasque
873 708 934 750 non
948 710 984 751 er
994 708 1028 750 re
1044 701 1087 751 set
1102 710 1159 754 eus

161 773 315 832 commodo
330 781 494 835 aestumare
527 774 677 851 magisque
691 774 800 834 voltum
817 792 904 854 quam
919 775 1069 851 ingenium
1083 774 1136 833 bo·

135 863 231 916 onum
247 855 366 917 habere.
390 858 471 918 llaec
486 858 581 934 primo
595 857 734 933 paulatim
749 875 898 926 crescere,
914 858 1062 919 interdum
1075 859 1136 918 vin·

160 941 266 1000 dicari:
288 949 370 1016 post,
392 941 443 1000 ubi
465 942 600 1014 contagio
620 942 702 1016 quasi
715 941 879 1016 pestilentia
899 943 1018 1008 invasit,
1040 943 1137 1001 civitas

160 1026 315 1091 inmutata,
356 1023 506 1100 imperium
522 1040 560 1082 ex
574 1024 739 1080 iustissumo
774 1029 862 1100 atque
877 1029 997 1100 optumo
1018 1022 1135 1084 crudele

115 1109 147 1168 ll
163 1105 435 1184 intolerandumque
450 1105 569 1168 lactum.
613 1106 663 1165 Set
680 1106 776 1182 primo
797 1107 889 1180 magis
911 1104 1028 1166 ambitio
1051 1124 1172 1185 quamn

160 1189 278 1251 auaritia
289 1189 401 1249 animos
416 1190 568 1249 hominum
580 1187 743 1256 exercebat,
759 1189 837 1266 quod
850 1195 948 1250 tamen
959 1189 1058 1250 vitium
1069 1208 1137 1268 pro-

134 1284 150 1334 2
159 1276 225 1352 pius
242 1274 378 1333 virtutem
394 1279 466 1334 erat.
495 1272 569 1333 Nam
586 1271 708 1348 gloriam
722 1271 1029 1351 honoremimperium
1043 1272 1138 1332 bonus

160 1367 189 1418 ct
204 1359 323 1432 ignaros
339 1375 432 1436 aeque
449 1356 504 1417 sibi
519 1363 665 1433 exoptant,
681 1362 725 1415 set
740 1354 787 1416 ille
804 1374 874 1417 vera
889 1359 933 1418 via
944 1357 1053 1425 nititur,
1070 1356 1139 1416 huic

161 1443 227 1520 quia
249 1439 344 1500 bonae
367 1449 446 1502 artes
466 1441 585 1508 desunt,
613 1438 686 1499 dolis
714 1445 801 1518 atque
831 1438 951 1500 fallaciis
980 1440 1135 1500 contendit.

134 1525 283 1585 adventia
303 1527 446 1602 pecuniae
460 1524 587 1585 studium
601 1522 703 1591 habet,
725 1540 813 1600 quam
829 1540 918 1583 nemo
936 1523 1051 1599 sapiens
1067 1540 1172 1586 con-15

160 1609 281 1686 cupivit:
302 1626 336 1668 ea
358 1610 441 1687 quasi
461 1608 581 1668 venenis
601 1605 684 1665 malis
705 1604 806 1665 inbuta
828 1623 935 1683 corpus
950 1606 1137 1684 animumque

159 1692 272 1750 virilem
284 1691 438 1760 effeminat,
452 1707 568 1766 semper
579 1689 689 1748 infinita
699 1689 869 1750 insatiabilis
881 1695 933 1758 est,
947 1706 1042 1766 neque
1055 1690 1136 1766 copia

134 1785 150 1831 4
162 1792 258 1852 neque
270 1774 366 1852 inopia
378 1775 528 1834 minuitur.
552 1772 602 1832 Set
613 1778 768 1851 postquam
779 1773 812 1833 L.
827 1772 905 1833 Srdla
922 1773 1010 1832 armis
1019 1779 1137 1850 recepta

158 1876 192 1918 ro
207 1856 324 1934 publica
339 1857 424 1917 bonis
438 1857 525 1916 initiis
539 1855 631 1916 malos
647 1862 766 1917 eventus
782 1856 898 1926 babuit,
915 1874 1021 1936 rapere
1036 1873 1138 1917 omnes

158 1941 293 2010 trahere,
316 1941 436 2002 domum
458 1941 531 2001 alius
551 1938 623 2000 alius
645 1955 732 2017 agros
753 1958 876 2019 cupere,
899 1958 995 2018 neque
1017 1941 1138 2000 modum
1146 1967 1171 2006 20

158 2042 254 2103 neque
269 2025 442 2086 modestiam
453 2026 578 2086 victores
592 2023 717 2091 babere,
731 2022 817 2084 foeda
828 2022 1016 2099 crudeliaque
1028 2024 1055 2081 in
1070 2022 1137 2082 ciris

132 2105 290 2170 elacinora
307 2108 414 2170 facere.
447 2108 511 2168 lluc
528 2106 688 2167 adcedebat
726 2107 803 2184 quod
821 2106 854 2165 L.
872 2105 951 2166 Sulla
967 2106 1136 2174 exercitum,

159 2208 247 2268 quem
268 2192 297 2250 in
325 2193 391 2252 Asia
414 2192 596 2259 ductaverat,
625 2188 759 2268 quesibi
781 2190 873 2249 fidum
894 2189 1012 2257 laceret,
1036 2194 1137 2249 contra

157 2292 272 2335 morem
293 2277 438 2335 maiorum
461 2274 610 2334 luxuriose
635 2274 780 2350 nimisque
801 2272 962 2333 liberaliter
984 2271 1136 2333 habuerat.

153 2361 230 2422 Loca
242 2379 364 2422 amoena
376 2357 535 2436 voluptaria
551 2355 634 2416 lacile
649 2357 679 2415 in
692 2357 750 2415 otio
765 2355 872 2416 ieroois
886 2355 1009 2417 militum
1025 2357 1137 2416 animos
1147 2374 1171 2414 aa

132 2442 348 2507 onrollirerant.
382 2441 425 2502 lbi
442 2442 571 2520 primum
588 2441 711 2501 insuevit
731 2441 877 2502 exercitus
896 2439 999 2518 populi
1014 2438 1138 2500 Romani

158 2544 256 2586 amare
277 2533 389 2603 potare,
408 2526 490 2600 signa
505 2523 619 2584 tabulas
632 2524 725 2600 pictas
745 2541 814 2584 rasa
836 2523 944 2584 caelata
966 2541 1083 2591 mirari,
1103 2541 1137 2584 ea

158 2609 291 2685 privatim
306 2614 336 2667 et
349 2606 466 2684 publice
481 2624 600 2683 rapere,
623 2605 746 2666 delubra
770 2607 912 2684 spoliare,
936 2623 1019 2665 sacra
1038 2604 1137 2683 prola·

133 2701 255 2769 unaque
272 2691 368 2750 omnia
385 2689 527 2768 polluere.
550 2690 641 2765 Igitur
657 2689 684 2748 ei
697 2689 802 2751 milites
817 2695 974 2768 postquam
988 2689 1138 2748 victoriam

131 2774 254 2851 aadepti
267 2781 343 2842 sunt,
359 2773 431 2834 nihil
446 2773 548 2834 relicui
562 2774 643 2832 uictis
659 2772 765 2835 fecere.
796 2773 910 2850 Quippe
926 2771 1072 2832 secundae
1087 2789 1136 2832 res
1147 2793 1172 2836 so

158 2858 331 2934 sapientium
349 2860 461 2917 animos
482 2856 617 2933 fatigant:
639 2875 678 2918 ne
698 2858 738 2918 illi
761 2857 912 2933 conruptis
927 2854 1061 2915 moribus
1080 2857 1137 2915 vic-

111 2939 146 2996 12
159 2940 249 2998 toriae
263 2946 471 3016 temperarent.
499 2940 657 3018 Postquam
678 2941 790 3002 divitiae
805 2941 912 2999 honori
930 2955 994 2998 esse
1012 2955 1138 3016 coepere

159 3028 187 3082 et
203 3038 252 3081 eas
265 3021 357 3098 gloria
366 3025 523 3101 imperium
536 3025 665 3102 potentia
683 3022 874 3101 sequebatur,
896 3020 1058 3084 hebescere
1079 3023 1137 3082 vir·

157 3111 218 3172 tus,
240 3113 399 3182 perspectas
412 3107 524 3173 probro
542 3107 660 3173 haberi,
684 3107 848 3167 innocentia
866 3122 922 3185 pro
943 3104 1136 3166 malivolentia

133 3185 226 3248 educi
242 3187 353 3267 eoepit.
376 3187 470 3268 Igitur
482 3205 518 3248 ex
530 3190 632 3250 divitiis
645 3190 825 3250 iuventutem
836 3189 953 3250 luxuria
969 3196 1055 3266 atque
1070 3206 1136 3248 ava·
1147 3213 1172 3254 a,

156 3275 222 3333 ritia
242 3291 309 3334 cum
327 3273 466 3352 superbia
487 3275 634 3334 invasere:
652 3288 758 3348 rapere
775 3289 960 3338 consumere,
983 3288 1036 3330 sua
1054 3274 1137 3349 parvi

157 3357 287 3435 pendere
304 3355 399 3418 abeno
421 3372 545 3433 cupere:
562 3353 707 3432 pudorem
725 3355 908 3433 pudicitiam,
931 3353 1027 3414 divina
1050 3360 1136 3432 atque

129 3456 145 3504 3
157 3441 282 3501 bumana
294 3442 472 3520 promiscua,
484 3437 555 3498 nihd
567 3439 650 3515 pensi
661 3455 757 3518 neque
768 3438 912 3499 moderati
922 3436 1041 3499 babere.
1061 3437 1138 3517 Ope-
