2392 3848
124 176 164 236 28
299 196 342 235 nu
366 195 537 237 carrucas
561 193 803 236 courvnarrona
826 192 853 235 c.
876 188 919 238 51.

126 342 175 417 qui
195 340 385 401 seditionibus
398 356 461 400 rem
474 338 621 417 publicam
636 342 865 416 exagitaverant,
888 341 992 399 merito
1009 356 1095 399 neca·

83 430 116 481 33
127 430 172 481 tos
188 423 311 483 aiebant.
348 422 398 482 Set
419 442 453 483 ea
474 434 522 482 res
542 436 664 498 magnae
681 424 794 483 initium
809 422 897 482 cladis
918 421 979 482 luit.
1023 420 1096 481 Nam

123 507 165 564 uti
180 507 303 584 quisque
320 506 439 565 domum
457 502 507 565 aut
527 503 637 573 villam,
653 508 801 583 postremo
817 522 866 565 vas
883 511 933 564 aut
943 505 1096 565 vestimen-

123 597 185 647 tum
197 588 318 647 alicuius
333 590 546 666 concupiterat,
563 588 651 648 dabat
666 602 794 666 operam,
817 594 850 648 ut
865 589 932 647 isin
948 589 1096 665 proscrip-

77 678 111 729 34
123 678 222 730 torum
241 678 365 730 numero
387 678 471 731 essct.
506 670 549 730 lta
563 670 616 738 illi,
641 671 747 751 quibus
767 670 932 748 Damasippi
945 680 1025 729 mors
1039 669 1120 732 lae-c

119 754 198 813 titiae
214 754 324 822 iuerat,
342 752 430 829 paulo
446 763 512 831 post
526 755 580 831 ipsi
599 752 805 823 trabebanttir,
822 768 918 831 neque
932 754 1015 829 prltrs
1032 754 1096 812 linis

75 846 109 897 35
119 834 268 911 iugulandi
290 836 344 896 fuit
358 842 445 916 quarti
464 834 542 896 Sulla
558 838 651 896 omnis
668 840 737 896 suos
759 836 862 896 divitiis
881 835 1013 912 explerit.
1046 836 1095 895 m-

119 936 175 995 que
195 928 250 996 ego
271 920 345 979 ha'eo
363 930 423 979 nort
444 920 474 978 ld
489 916 526 976 bl.
545 916 639 979 Tullio
662 924 758 997 neque
780 919 825 978 liis
845 918 1025 996 temporibus
1047 937 1094 979 ve·

118 1017 202 1059 reor:
224 1003 316 1061 setin
338 1001 573 1077 magna-civitate
594 1000 684 1061 multa
709 1008 737 1060 et
769 1003 848 1061 varia
875 1003 990 1077 ingenia
1016 1009 1092 1062 sunt.

76 1099 110 1149 ab
119 1081 217 1142 Potest
228 1082 283 1142 alio
300 1088 440 1160 tempore,
455 1082 509 1143 allo
526 1082 653 1151 constile,
670 1085 716 1144 cui
726 1086 795 1143 item
808 1084 952 1144 exercitus
962 1086 991 1143 ln
1007 1102 1095 1145 manu
1105 1101 1130 1140 rc

119 1166 170 1232 sit,
196 1165 303 1226 ialsur'n
324 1166 431 1245 ahquid
450 1182 504 1245 pro
527 1182 597 1224 vero
619 1167 714 1226 credi:
737 1166 789 1225 ubi
810 1165 867 1226 boc
890 1167 1021 1245 exemplo
1041 1186 1095 1244 per

119 1248 210 1308 senati
232 1248 384 1309 decretum
407 1246 508 1308 consul
530 1245 657 1325 gladium
680 1249 825 1317 eduxerit,
855 1253 920 1328 quis
946 1250 986 1310 illi
1008 1251 1095 1310 linem

119 1336 234 1399 statuet,
258 1338 308 1391 aut
329 1332 393 1409 quis
408 1331 626 1391 moderabitur?

76 1432 109 1483 37
204 1412 328 1475 Maiores
341 1416 449 1481 nostri,
472 1420 571 1491 patres
586 1415 750 1491 conscripti,
774 1432 870 1493 neque
884 1415 986 1475 consui
1000 1432 1095 1492 neque

119 1496 257 1558 audaciae
268 1510 407 1575 umquam
419 1514 536 1574 eguere,
551 1514 646 1575 neque
656 1494 712 1555 illis
726 1497 863 1575 superbla
879 1497 1020 1566 obstabat,
1036 1516 1094 1575 quo
1106 1514 1130 1556 15

117 1582 214 1640 minus
233 1580 326 1641 aliena
347 1582 490 1650 instituta,
514 1582 538 1640 si
559 1579 646 1639 modo
668 1578 762 1657 proba
780 1587 878 1650 erant,
901 1581 1093 1639 imitarentur.

75 1678 109 1728 38
119 1665 207 1723 Arma
224 1670 310 1740 atque
327 1661 383 1722 tela
401 1663 534 1723 militaria
550 1660 586 1723 ab
601 1660 787 1730 saumarius,
805 1663 929 1740 insignia
944 1664 1094 1740 magistra·

118 1754 202 1804 tuum
218 1744 254 1804 ab
271 1744 375 1804 Tuscis
392 1738 532 1824 pleraque
547 1751 749 1823 sumpscnmt:
771 1750 920 1824 postremo
937 1746 1015 1824 quod
1030 1744 1094 1804 ubi-

118 1846 175 1904 que
191 1828 269 1905 apud
284 1830 380 1888 socios
397 1836 448 1889 aut
462 1827 552 1889 hostis
567 1828 704 1889 idoneum
719 1826 881 1898 videbatur,
898 1840 966 1890 cum
980 1844 1094 1890 summo

117 1912 212 1971 studio
233 1911 311 1970 domi
340 1918 393 1972 eie
436 1912 577 1973 ebaatur:
605 1912 712 1972 imitari
741 1922 829 1990 quam
855 1913 983 1973 invidere
1010 1912 1127 1972 bonisro

73 2004 107 2056 39
117 1993 273 2055 malebant.
295 1994 345 2055 Set
360 2013 394 2056 eo
416 2004 463 2055 em
474 1993 522 2054 illo
539 2001 670 2073 tempore
682 1993 836 2073 [Graeciae
851 2002 965 2054 morem
978 1993 1093 2074 inritati]

117 2076 289 2136 verberibus
304 2076 574 2138 animadvortebant
595 2078 625 2135 ln
643 2077 720 2142 civis,
744 2074 780 2134 de
795 2077 994 2135 condemnatis
1015 2093 1093 2135 sum·

72 2173 107 2222 40
118 2170 198 2217 mum
213 2148 388 2234 subplicium
406 2158 568 2218 tumebant.
599 2156 756 2233 Postquam
771 2166 819 2216 'res
838 2154 954 2235 publica
971 2157 1095 2219 adolevit

118 2247 146 2301 et
160 2238 342 2299 mulutudint
357 2241 461 2299 civium
483 2239 622 2298 factiones
637 2237 768 2307 valuere,
792 2239 996 2301 cutumtenlri
1010 2243 1093 2301 inno·

118 2326 224 2391 centes,
241 2320 295 2383 alia
310 2320 433 2383 huiusce
449 2322 527 2382 modi
542 2316 607 2382 lieri
625 2330 765 2399 coepere,
784 2328 847 2382 tum
862 2322 909 2383 lex
924 2323 1027 2385 Porcia
1042 2323 1092 2383 ali·
1102 2340 1127 2378 a

118 2425 209 2485 aeque
228 2404 308 2484 leg'o's
323 2408 442 2484 palatae
458 2408 540 2473 sunt,
566 2404 672 2484 qulbus
687 2403 801 2482 legibus
816 2406 935 2467 exilium
950 2408 1092 2468 damnatis

74 2502 106 2552 41
119 2490 294 2565 permissum
314 2493 365 2547 cst.
394 2476 476 2549 llattc
492 2494 545 2566 ega
568 2496 708 2557 caussam,
731 2495 829 2566 patres
849 2492 1013 2569 conscripti,
1035 2509 1093 2570 quo

117 2572 213 2630 minus
231 2572 339 2630 notollr
354 2568 505 2631 consilium
523 2573 723 2648 capiendam
741 2573 842 2647 primis
861 2582 996 2648 magnam
1011 2581 1091 2652 puto.

74 2653 254 2717 ael'rolecto
274 2652 364 2714 intus
385 2656 472 2731 attide
492 2654 632 2731 sapientia
647 2654 740 2711 maior
762 2654 791 2712 in
812 2652 867 2713 illis
889 2654 957 2722 luit,
985 2657 1034 2732 qui
1057 2674 1093 2717 ex

118 2739 214 2815 parvis
236 2736 339 2815 opibus
358 2732 470 2797 tantum
482 2737 639 2815 imperium
651 2736 758 2804 iete're',
782 2753 868 2814 quam
884 2736 912 2796 in
928 2737 1027 2806 nobit,
1044 2741 1130 2816 quiae

120 2838 153 2879 ea
177 2820 253 2879 bene
272 2822 355 2897 parta
376 2822 422 2880 vla
440 2818 608 2880 retinemus.

74 2905 110 2955 43
202 2900 302 2961 Placet
315 2900 403 2977 igitur
419 2910 469 2961 ecs
485 2900 587 2960 dimitti
603 2910 631 2960 et
648 2916 749 2976 augeri
764 2903 924 2960 exercitum
939 2903 1093 2964 Catilinae?

118 2984 256 3045 blinumc.
280 2982 330 3044 Set
341 2985 379 3044 ita
391 2992 513 3044 censeo:
529 2982 718 3060 publlcandas
738 2990 840 3043 eorum
854 2988 1002 3061 pecunias,
1015 2989 1093 3065 ipsos

118 3070 148 3127 in
169 3065 290 3126 vinculis
314 3060 465 3128 habendos
483 3066 537 3143 'per
555 3066 726 3144 municipia,
750 3078 824 3145 quae
839 3078 974 3130 maxuma
989 3069 1092 3148 opibus

119 3150 229 3211 valent:
238 3168 296 3210 neu
309 3152 374 3227 quis
382 3150 418 3210 do
433 3152 475 3210 eis
489 3154 589 3228 pbstea
606 3151 643 3210 ad
658 3154 790 3209 senatum
801 3148 923 3220 referat,
943 3162 1015 3211 neve
1026 3168 1092 3211 oum
1103 3171 1127 3210 as

119 3231 228 3312 populo
248 3239 328 3308 agat:
363 3238 365 3243 '
398 3234 408 3292 i
430 3232 513 3293 aliter
534 3232 651 3300 lecerit,
675 3236 808 3292 senatum
830 3237 1005 3293 existumare
1025 3250 1092 3292 eum

120 3324 221 3375 contra
243 3332 307 3375 rem
328 3324 369 3393 pu
390 3314 475 3374 boam
495 3321 524 3374 et
544 3314 666 3376 salutem
687 3316 816 3375 omnium
838 3315 1002 3375 iacturum!

1 3438 3 3443 -
69 3398 111 3457 52
204 3397 361 3476 Postquam
379 3397 484 3457 Caesar
497 3397 610 3459 dicundi
622 3398 709 3456 linem
724 3397 800 3464 lacit,
813 3399 903 3457 ceteri
917 3395 1005 3458 verbo
1021 3396 1093 3458 alius
