<?xml version="1.0" encoding="UTF-8"?>
<!DOCTYPE html PUBLIC "-//W3C//DTD XHTML 1.0 Transitional//EN"
    "http://www.w3.org/TR/xhtml1/DTD/xhtml1-transitional.dtd">
<html xmlns="http://www.w3.org/1999/xhtml" xml:lang="en" lang="en">
 <head>
  <title>
</title>
<meta http-equiv="Content-Type" content="text/html;charset=utf-8" />
  <meta name='ocr-system' content='tesseract 3.04.00' />
  <meta name='ocr-capabilities' content='ocr_page ocr_carea ocr_par ocr_line ocrx_word'/>
</head>
<body>
  <div class='ocr_page' id='page_1' title='image "./libridecatilina00sallgoog_0081.png"; bbox 0 0 2392 3848; ppageno 0'>
   <div class='ocr_carea' id='block_1_1' title="bbox 124 192 893 257">
    <p class='ocr_par' dir='ltr' id='par_1_1' title="bbox 124 192 893 257">
     <span class='ocr_line' id='line_1_1' title="bbox 124 192 893 257; baseline 0.003 -5"><span class='ocrx_word' id='word_1_1' title='bbox 124 192 164 252; x_wconf 84' lang='lat'>62</span> <span class='ocrx_word' id='word_1_2' title='bbox 331 213 373 254; x_wconf 80' lang='lat' dir='ltr'>ne</span> <span class='ocrx_word' id='word_1_3' title='bbox 396 212 499 254; x_wconf 79' lang='lat' dir='ltr'>nunno</span> <span class='ocrx_word' id='word_1_4' title='bbox 520 211 719 254; x_wconf 80' lang='lat' dir='ltr'>avovsrnruo</span> <span class='ocrx_word' id='word_1_5' title='bbox 743 211 770 252; x_wconf 84' lang='lat' dir='ltr'>c.</span> <span class='ocrx_word' id='word_1_6' title='bbox 789 202 831 257; x_wconf 77' lang='lat' dir='ltr'>ae</span> <span class='ocrx_word' id='word_1_7' title='bbox 850 202 893 257; x_wconf 77' lang='lat'>39.</span> 
     </span>
    </p>
   </div>
   <div class='ocr_carea' id='block_1_2' title="bbox 59 357 1134 3505">
    <p class='ocr_par' dir='ltr' id='par_1_2' title="bbox 59 357 1134 3505">
     <span class='ocr_line' id='line_1_2' title="bbox 124 357 1102 437; baseline 0.004 -19"><span class='ocrx_word' id='word_1_8' title='bbox 124 362 294 437; x_wconf 86' lang='lat' dir='ltr'>intempesta</span> <span class='ocrx_word' id='word_1_9' title='bbox 308 364 393 418; x_wconf 90' lang='lat' dir='ltr'>nocte</span> <span class='ocrx_word' id='word_1_10' title='bbox 412 358 448 418; x_wconf 93' lang='lat' dir='ltr'>de</span> <span class='ocrx_word' id='word_1_11' title='bbox 464 359 611 435; x_wconf 88' lang='lat' dir='ltr'>inproviso</span> <span class='ocrx_word' id='word_1_12' title='bbox 625 359 809 420; x_wconf 90' lang='lat' dir='ltr'>multitudine</span> <span class='ocrx_word' id='word_1_13' title='bbox 828 357 1018 418; x_wconf 82' lang='lat' dir='ltr'>Numidarum</span> <span class='ocrx_word' id='word_1_14' title='bbox 1033 357 1102 422; x_wconf 76' lang='lat' dir='ltr'>nuli</span> 
     </span>
     <span class='ocr_line' id='line_1_3' title="bbox 96 438 1101 517; baseline 0.002 -17"><span class='ocrx_word' id='word_1_15' title='bbox 96 447 219 502; x_wconf 74' lang='lat' dir='ltr'>acastre</span> <span class='ocrx_word' id='word_1_16' title='bbox 241 442 436 501; x_wconf 86' lang='lat' dir='ltr'>circumvenit.</span> <span class='ocrx_word' id='word_1_17' title='bbox 480 440 583 502; x_wconf 81' lang='lat' dir='ltr'>Milites</span> <span class='ocrx_word' id='word_1_18' title='bbox 604 442 742 510; x_wconf 86' lang='lat' dir='ltr'>Romani,</span> <span class='ocrx_word' id='word_1_19' title='bbox 762 439 889 517; x_wconf 86' lang='lat' dir='ltr'>perculsi</span> <span class='ocrx_word' id='word_1_20' title='bbox 910 438 1035 501; x_wconf 78' lang='lat' dir='ltr'><strong>tumultu</strong></span> <span class='ocrx_word' id='word_1_21' title='bbox 1055 442 1101 502; x_wconf 91' lang='lat' dir='ltr'>in·</span> 
     </span>
     <span class='ocr_line' id='line_1_4' title="bbox 123 522 1099 600; baseline 0 -16"><span class='ocrx_word' id='word_1_22' title='bbox 123 524 222 593; x_wconf 90' lang='lat' dir='ltr'>solito,</span> <span class='ocrx_word' id='word_1_23' title='bbox 245 542 326 584; x_wconf 90' lang='lat' dir='ltr'>arma</span> <span class='ocrx_word' id='word_1_24' title='bbox 345 540 451 600; x_wconf 89' lang='lat' dir='ltr'>capere</span> <span class='ocrx_word' id='word_1_25' title='bbox 468 522 530 592; x_wconf 93' lang='lat' dir='ltr'>alii,</span> <span class='ocrx_word' id='word_1_26' title='bbox 554 523 601 583; x_wconf 86' lang='lat' dir='ltr'>alii</span> <span class='ocrx_word' id='word_1_27' title='bbox 616 542 648 585; x_wconf 91' lang='lat' dir='ltr'>se</span> <span class='ocrx_word' id='word_1_28' title='bbox 667 524 790 591; x_wconf 88' lang='lat' dir='ltr'>abdere,</span> <span class='ocrx_word' id='word_1_29' title='bbox 812 539 881 600; x_wconf 91' lang='lat' dir='ltr'>pars</span> <span class='ocrx_word' id='word_1_30' title='bbox 895 523 1012 584; x_wconf 86' lang='lat' dir='ltr'>territes</span> <span class='ocrx_word' id='word_1_31' title='bbox 1028 541 1099 584; x_wconf 90' lang='lat' dir='ltr'>con-</span> 
     </span>
     <span class='ocr_line' id='line_1_5' title="bbox 123 605 1099 684; baseline 0 -18"><span class='ocrx_word' id='word_1_32' title='bbox 123 607 256 674; x_wconf 84' lang='lat' dir='ltr'>firmare,</span> <span class='ocrx_word' id='word_1_33' title='bbox 280 607 426 684; x_wconf 87' lang='lat' dir='ltr'>trepidare</span> <span class='ocrx_word' id='word_1_34' title='bbox 448 605 582 667; x_wconf 91' lang='lat' dir='ltr'>omnibus</span> <span class='ocrx_word' id='word_1_35' title='bbox 595 607 681 666; x_wconf 89' lang='lat' dir='ltr'>iocis:</span> <span class='ocrx_word' id='word_1_36' title='bbox 703 608 745 666; x_wconf 87' lang='lat' dir='ltr'>vis</span> <span class='ocrx_word' id='word_1_37' title='bbox 760 622 864 682; x_wconf 81' lang='lat' dir='ltr'>magna</span> <span class='ocrx_word' id='word_1_38' title='bbox 880 606 1016 674; x_wconf 89' lang='lat' dir='ltr'>bostium,</span> <span class='ocrx_word' id='word_1_39' title='bbox 1032 624 1099 666; x_wconf 89' lang='lat' dir='ltr'>cae·</span> 
     </span>
     <span class='ocr_line' id='line_1_6' title="bbox 123 687 1124 766; baseline 0.002 -19"><span class='ocrx_word' id='word_1_40' title='bbox 123 689 184 750; x_wconf 93' lang='lat' dir='ltr'>lum</span> <span class='ocrx_word' id='word_1_41' title='bbox 205 696 291 751; x_wconf 89' lang='lat' dir='ltr'>necte</span> <span class='ocrx_word' id='word_1_42' title='bbox 313 696 400 766; x_wconf 88' lang='lat' dir='ltr'>atque</span> <span class='ocrx_word' id='word_1_43' title='bbox 421 687 548 750; x_wconf 90' lang='lat' dir='ltr'>nubibus</span> <span class='ocrx_word' id='word_1_44' title='bbox 566 689 768 757; x_wconf 84' lang='lat' dir='ltr'>obscuratum,</span> <span class='ocrx_word' id='word_1_45' title='bbox 791 687 954 766; x_wconf 90' lang='lat' dir='ltr'>periculum</span> <span class='ocrx_word' id='word_1_46' title='bbox 975 705 1124 766; x_wconf 81' lang='lat' dir='ltr'>anceps:a</span> 
     </span>
     <span class='ocr_line' id='line_1_7' title="bbox 97 771 1101 850; baseline 0.002 -20"><span class='ocrx_word' id='word_1_47' title='bbox 97 779 272 850; x_wconf 84' lang='lat' dir='ltr'>apostremo</span> <span class='ocrx_word' id='word_1_48' title='bbox 286 773 389 850; x_wconf 81' lang='lat' dir='ltr'>ingere</span> <span class='ocrx_word' id='word_1_49' title='bbox 407 789 444 832; x_wconf 91' lang='lat' dir='ltr'>an</span> <span class='ocrx_word' id='word_1_50' title='bbox 457 790 577 834; x_wconf 87' lang='lat' dir='ltr'>manere</span> <span class='ocrx_word' id='word_1_51' title='bbox 589 774 680 834; x_wconf 84' lang='lat' dir='ltr'>tutius</span> <span class='ocrx_word' id='word_1_52' title='bbox 691 773 767 832; x_wconf 87' lang='lat' dir='ltr'>ieret</span> <span class='ocrx_word' id='word_1_53' title='bbox 781 773 811 831; x_wconf 92' lang='lat' dir='ltr'>in</span> <span class='ocrx_word' id='word_1_54' title='bbox 826 773 938 833; x_wconf 91' lang='lat' dir='ltr'>incerto</span> <span class='ocrx_word' id='word_1_55' title='bbox 952 778 1023 832; x_wconf 85' lang='lat' dir='ltr'>erat.</span> <span class='ocrx_word' id='word_1_56' title='bbox 1047 771 1101 832; x_wconf 85' lang='lat' dir='ltr'>Set</span> 
     </span>
     <span class='ocr_line' id='line_1_8' title="bbox 59 852 1100 935; baseline -0.002 -19"><span class='ocrx_word' id='word_1_57' title='bbox 59 886 62 891; x_wconf 94' lang='lat'>·</span> <span class='ocrx_word' id='word_1_58' title='bbox 124 874 159 916; x_wconf 85' lang='lat' dir='ltr'>ex</span> <span class='ocrx_word' id='word_1_59' title='bbox 180 874 214 916; x_wconf 92' lang='lat' dir='ltr'>eo</span> <span class='ocrx_word' id='word_1_60' title='bbox 228 874 362 926; x_wconf 89' lang='lat' dir='ltr'>numero,</span> <span class='ocrx_word' id='word_1_61' title='bbox 385 873 458 935; x_wconf 93' lang='lat' dir='ltr'>quos</span> <span class='ocrx_word' id='word_1_62' title='bbox 478 855 565 932; x_wconf 83' lang='lat' dir='ltr'>paulo</span> <span class='ocrx_word' id='word_1_63' title='bbox 579 863 645 918; x_wconf 91' lang='lat' dir='ltr'>ante</span> <span class='ocrx_word' id='word_1_64' title='bbox 662 863 820 931; x_wconf 88' lang='lat' dir='ltr'>conruptos</span> <span class='ocrx_word' id='word_1_65' title='bbox 841 852 974 922; x_wconf 83' lang='lat' dir='ltr'><strong>diximus,</strong></span> <span class='ocrx_word' id='word_1_66' title='bbox 991 852 1100 914; x_wconf 78' lang='lat' dir='ltr'><strong>cohors</strong></span> 
     </span>
     <span class='ocr_line' id='line_1_9' title="bbox 123 938 1099 1016; baseline -0.003 -16"><span class='ocrx_word' id='word_1_67' title='bbox 123 957 181 1000; x_wconf 91' lang='lat' dir='ltr'>una</span> <span class='ocrx_word' id='word_1_68' title='bbox 193 939 333 1016; x_wconf 82' lang='lat' dir='ltr'><strong>Ligurum</strong></span> <span class='ocrx_word' id='word_1_69' title='bbox 348 957 415 999; x_wconf 91' lang='lat' dir='ltr'>cum</span> <span class='ocrx_word' id='word_1_70' title='bbox 432 938 544 999; x_wconf 88' lang='lat' dir='ltr'>duabus</span> <span class='ocrx_word' id='word_1_71' title='bbox 559 940 661 1000; x_wconf 91' lang='lat' dir='ltr'>turmis</span> <span class='ocrx_word' id='word_1_72' title='bbox 675 939 820 998; x_wconf 83' lang='lat' dir='ltr'>Thracum</span> <span class='ocrx_word' id='word_1_73' title='bbox 837 945 866 998; x_wconf 92' lang='lat' dir='ltr'>et</span> <span class='ocrx_word' id='word_1_74' title='bbox 879 938 979 1015; x_wconf 85' lang='lat' dir='ltr'><strong>paucis</strong></span> <span class='ocrx_word' id='word_1_75' title='bbox 993 952 1099 1014; x_wconf 79' lang='lat' dir='ltr'>grega-</span> 
     </span>
     <span class='ocr_line' id='line_1_10' title="bbox 123 1019 1099 1097; baseline -0.002 -17"><span class='ocrx_word' id='word_1_76' title='bbox 123 1024 174 1082; x_wconf 82' lang='lat' dir='ltr'>riis</span> <span class='ocrx_word' id='word_1_77' title='bbox 184 1021 323 1082; x_wconf 87' lang='lat' dir='ltr'>militibus</span> <span class='ocrx_word' id='word_1_78' title='bbox 339 1022 479 1081; x_wconf 80' lang='lat' dir='ltr'>transiere</span> <span class='ocrx_word' id='word_1_79' title='bbox 495 1021 531 1080; x_wconf 94' lang='lat' dir='ltr'>ad</span> <span class='ocrx_word' id='word_1_80' title='bbox 542 1037 659 1097; x_wconf 82' lang='lat' dir='ltr'>regem,</span> <span class='ocrx_word' id='word_1_81' title='bbox 683 1028 711 1081; x_wconf 89' lang='lat' dir='ltr'>et</span> <span class='ocrx_word' id='word_1_82' title='bbox 723 1021 853 1081; x_wconf 89' lang='lat' dir='ltr'>centurie</span> <span class='ocrx_word' id='word_1_83' title='bbox 868 1021 953 1097; x_wconf 90' lang='lat' dir='ltr'>primi</span> <span class='ocrx_word' id='word_1_84' title='bbox 967 1019 1018 1097; x_wconf 93' lang='lat' dir='ltr'>pili</span> <span class='ocrx_word' id='word_1_85' title='bbox 1038 1027 1099 1080; x_wconf 90' lang='lat' dir='ltr'>ter·</span> 
     </span>
     <span class='ocr_line' id='line_1_11' title="bbox 122 1102 1134 1183; baseline 0.003 -22"><span class='ocrx_word' id='word_1_86' title='bbox 122 1106 179 1165; x_wconf 87' lang='lat' dir='ltr'>tiae</span> <span class='ocrx_word' id='word_1_87' title='bbox 197 1102 319 1180; x_wconf 80' lang='lat' dir='ltr'>legionis</span> <span class='ocrx_word' id='word_1_88' title='bbox 338 1122 393 1183; x_wconf 88' lang='lat' dir='ltr'>per</span> <span class='ocrx_word' id='word_1_89' title='bbox 414 1104 611 1173; x_wconf 89' lang='lat' dir='ltr'>munitionem,</span> <span class='ocrx_word' id='word_1_90' title='bbox 630 1121 717 1182; x_wconf 90' lang='lat' dir='ltr'>quam</span> <span class='ocrx_word' id='word_1_91' title='bbox 731 1105 773 1163; x_wconf 93' lang='lat' dir='ltr'>uti</span> <span class='ocrx_word' id='word_1_92' title='bbox 790 1102 959 1164; x_wconf 76' lang='lat' dir='ltr'>defenderet</span> <span class='ocrx_word' id='word_1_93' title='bbox 976 1120 1134 1183; x_wconf 76' lang='lat' dir='ltr'>recepe-ao</span> 
     </span>
     <span class='ocr_line' id='line_1_12' title="bbox 124 1185 1101 1264; baseline 0.002 -19"><span class='ocrx_word' id='word_1_94' title='bbox 124 1193 181 1256; x_wconf 89' lang='lat' dir='ltr'>rat,</span> <span class='ocrx_word' id='word_1_95' title='bbox 198 1186 294 1247; x_wconf 89' lang='lat' dir='ltr'>locum</span> <span class='ocrx_word' id='word_1_96' title='bbox 311 1185 443 1247; x_wconf 90' lang='lat' dir='ltr'>hostibus</span> <span class='ocrx_word' id='word_1_97' title='bbox 456 1187 622 1247; x_wconf 89' lang='lat' dir='ltr'>introeundi</span> <span class='ocrx_word' id='word_1_98' title='bbox 635 1187 722 1255; x_wconf 87' lang='lat' dir='ltr'>dedit,</span> <span class='ocrx_word' id='word_1_99' title='bbox 739 1203 829 1264; x_wconf 89' lang='lat' dir='ltr'>eaque</span> <span class='ocrx_word' id='word_1_100' title='bbox 844 1185 985 1247; x_wconf 84' lang='lat' dir='ltr'>Numidae</span> <span class='ocrx_word' id='word_1_101' title='bbox 1000 1187 1101 1247; x_wconf 91' lang='lat' dir='ltr'>cuncti</span> 
     </span>
     <span class='ocr_line' id='line_1_13' title="bbox 99 1267 1099 1348; baseline 0.001 -20"><span class='ocrx_word' id='word_1_102' title='bbox 99 1271 270 1346; x_wconf 79' lang='lat' dir='ltr'>rinrupcrc.</span> <span class='ocrx_word' id='word_1_103' title='bbox 302 1269 399 1330; x_wconf 90' lang='lat' dir='ltr'>Nostri</span> <span class='ocrx_word' id='word_1_104' title='bbox 415 1267 498 1329; x_wconf 85' lang='lat' dir='ltr'>ioeda</span> <span class='ocrx_word' id='word_1_105' title='bbox 513 1269 597 1346; x_wconf 81' lang='lat' dir='ltr'>iuga,</span> <span class='ocrx_word' id='word_1_106' title='bbox 620 1269 751 1348; x_wconf 87' lang='lat' dir='ltr'>plerique</span> <span class='ocrx_word' id='word_1_107' title='bbox 767 1269 885 1330; x_wconf 89' lang='lat' dir='ltr'>abiectis</span> <span class='ocrx_word' id='word_1_108' title='bbox 903 1270 1004 1338; x_wconf 90' lang='lat' dir='ltr'>armis,</span> <span class='ocrx_word' id='word_1_109' title='bbox 1027 1286 1099 1346; x_wconf 90' lang='lat' dir='ltr'>pro·</span> 
     </span>
     <span class='ocr_line' id='line_1_14' title="bbox 98 1352 1099 1431; baseline -0.003 -16"><span class='ocrx_word' id='word_1_110' title='bbox 98 1363 245 1415; x_wconf 70' lang='lat' dir='ltr'>brumum</span> <span class='ocrx_word' id='word_1_111' title='bbox 267 1352 371 1414; x_wconf 90' lang='lat' dir='ltr'>collem</span> <span class='ocrx_word' id='word_1_112' title='bbox 393 1369 582 1430; x_wconf 85' lang='lat' dir='ltr'>occupavere.</span> <span class='ocrx_word' id='word_1_113' title='bbox 622 1352 685 1414; x_wconf 83' lang='lat' dir='ltr'>Nox</span> <span class='ocrx_word' id='word_1_114' title='bbox 707 1359 793 1431; x_wconf 90' lang='lat' dir='ltr'>atque</span> <span class='ocrx_word' id='word_1_115' title='bbox 809 1353 917 1431; x_wconf 88' lang='lat' dir='ltr'>praeda</span> <span class='ocrx_word' id='word_1_116' title='bbox 933 1359 1099 1414; x_wconf 87' lang='lat' dir='ltr'>castrorum</span> 
     </span>
     <span class='ocr_line' id='line_1_15' title="bbox 97 1434 1098 1514; baseline -0.002 -16"><span class='ocrx_word' id='word_1_117' title='bbox 97 1436 228 1506; x_wconf 77' lang='lat' dir='ltr'>abestis,</span> <span class='ocrx_word' id='word_1_118' title='bbox 245 1454 302 1514; x_wconf 90' lang='lat' dir='ltr'>quo</span> <span class='ocrx_word' id='word_1_119' title='bbox 317 1438 413 1498; x_wconf 91' lang='lat' dir='ltr'>minus</span> <span class='ocrx_word' id='word_1_120' title='bbox 428 1437 545 1497; x_wconf 88' lang='lat' dir='ltr'>victoria</span> <span class='ocrx_word' id='word_1_121' title='bbox 556 1442 718 1505; x_wconf 88' lang='lat' dir='ltr'>uterentur,</span> <span class='ocrx_word' id='word_1_122' title='bbox 731 1443 876 1496; x_wconf 89' lang='lat' dir='ltr'>remorata</span> <span class='ocrx_word' id='word_1_123' title='bbox 891 1442 967 1496; x_wconf 90' lang='lat' dir='ltr'>sunt.</span> <span class='ocrx_word' id='word_1_124' title='bbox 985 1434 1098 1496; x_wconf 83' lang='lat' dir='ltr'>Deinde</span> 
     </span>
     <span class='ocr_line' id='line_1_16' title="bbox 124 1516 1134 1599; baseline -0.003 -18"><span class='ocrx_word' id='word_1_125' title='bbox 124 1519 264 1596; x_wconf 77' lang='lat' dir='ltr'>Iugurtha</span> <span class='ocrx_word' id='word_1_126' title='bbox 284 1528 402 1599; x_wconf 90' lang='lat' dir='ltr'>postero</span> <span class='ocrx_word' id='word_1_127' title='bbox 424 1520 470 1580; x_wconf 93' lang='lat' dir='ltr'>die</span> <span class='ocrx_word' id='word_1_128' title='bbox 492 1537 557 1580; x_wconf 92' lang='lat' dir='ltr'>cum</span> <span class='ocrx_word' id='word_1_129' title='bbox 580 1519 653 1580; x_wconf 84' lang='lat' dir='ltr'>dulc</span> <span class='ocrx_word' id='word_1_130' title='bbox 675 1522 704 1578; x_wconf 92' lang='lat' dir='ltr'>in</span> <span class='ocrx_word' id='word_1_131' title='bbox 727 1516 879 1597; x_wconf 88' lang='lat' dir='ltr'>conloquio</span> <span class='ocrx_word' id='word_1_132' title='bbox 902 1517 990 1580; x_wconf 78' lang='lat' dir='ltr'>rerba</span> <span class='ocrx_word' id='word_1_133' title='bbox 1011 1518 1134 1579; x_wconf 77' lang='lat' dir='ltr'>lacitrsa</span> 
     </span>
     <span class='ocr_line' id='line_1_17' title="bbox 123 1601 1096 1681; baseline 0 -19"><span class='ocrx_word' id='word_1_134' title='bbox 123 1604 236 1662; x_wconf 86' lang='lat' dir='ltr'>tametsi</span> <span class='ocrx_word' id='word_1_135' title='bbox 249 1604 346 1681; x_wconf 90' lang='lat' dir='ltr'>ipsum</span> <span class='ocrx_word' id='word_1_136' title='bbox 361 1620 427 1663; x_wconf 90' lang='lat' dir='ltr'>cum</span> <span class='ocrx_word' id='word_1_137' title='bbox 442 1604 571 1663; x_wconf 83' lang='lat' dir='ltr'>exercitu</span> <span class='ocrx_word' id='word_1_138' title='bbox 588 1602 663 1663; x_wconf 86' lang='lat' dir='ltr'>lame</span> <span class='ocrx_word' id='word_1_139' title='bbox 679 1609 708 1661; x_wconf 87' lang='lat' dir='ltr'>et</span> <span class='ocrx_word' id='word_1_140' title='bbox 727 1601 806 1662; x_wconf 85' lang='lat' dir='ltr'>icrro</span> <span class='ocrx_word' id='word_1_141' title='bbox 827 1602 957 1663; x_wconf 89' lang='lat' dir='ltr'>clausum</span> <span class='ocrx_word' id='word_1_142' title='bbox 970 1608 1096 1673; x_wconf 87' lang='lat' dir='ltr'>teneret,</span> 
     </span>
     <span class='ocr_line' id='line_1_18' title="bbox 122 1684 1098 1755; baseline 0 -11"><span class='ocrx_word' id='word_1_143' title='bbox 122 1692 219 1745; x_wconf 90' lang='lat' dir='ltr'>tamen</span> <span class='ocrx_word' id='word_1_144' title='bbox 242 1703 274 1745; x_wconf 93' lang='lat' dir='ltr'>se</span> <span class='ocrx_word' id='word_1_145' title='bbox 295 1703 454 1746; x_wconf 89' lang='lat' dir='ltr'>memorem</span> <span class='ocrx_word' id='word_1_146' title='bbox 475 1684 668 1745; x_wconf 87' lang='lat' dir='ltr'>humanarum</span> <span class='ocrx_word' id='word_1_147' title='bbox 688 1702 803 1755; x_wconf 88' lang='lat' dir='ltr'>rerum,</span> <span class='ocrx_word' id='word_1_148' title='bbox 826 1687 850 1744; x_wconf 94' lang='lat' dir='ltr'>si</span> <span class='ocrx_word' id='word_1_149' title='bbox 871 1703 971 1746; x_wconf 87' lang='lat' dir='ltr'>secum</span> <span class='ocrx_word' id='word_1_150' title='bbox 992 1684 1098 1746; x_wconf 87' lang='lat' dir='ltr'>iocdus</span> 
     </span>
     <span class='ocr_line' id='line_1_19' title="bbox 124 1767 1097 1845; baseline 0.003 -20"><span class='ocrx_word' id='word_1_151' title='bbox 124 1767 246 1836; x_wconf 85' lang='lat' dir='ltr'>iaceret,</span> <span class='ocrx_word' id='word_1_152' title='bbox 268 1767 419 1828; x_wconf 90' lang='lat' dir='ltr'>incolumis</span> <span class='ocrx_word' id='word_1_153' title='bbox 438 1769 532 1827; x_wconf 89' lang='lat' dir='ltr'>omnis</span> <span class='ocrx_word' id='word_1_154' title='bbox 551 1767 606 1828; x_wconf 92' lang='lat' dir='ltr'>sub</span> <span class='ocrx_word' id='word_1_155' title='bbox 626 1770 728 1845; x_wconf 78' lang='lat' dir='ltr'>iugum</span> <span class='ocrx_word' id='word_1_156' title='bbox 748 1769 920 1829; x_wconf 86' lang='lat' dir='ltr'>missurum:</span> <span class='ocrx_word' id='word_1_157' title='bbox 941 1774 1097 1845; x_wconf 86' lang='lat' dir='ltr'>praeterea</span> 
     </span>
     <span class='ocr_line' id='line_1_20' title="bbox 84 1848 1097 1929; baseline 0.001 -19"><span class='ocrx_word' id='word_1_158' title='bbox 84 1851 168 1911; x_wconf 81' lang='lat' dir='ltr'>ronti</span> <span class='ocrx_word' id='word_1_159' title='bbox 188 1848 292 1911; x_wconf 87' lang='lat' dir='ltr'>diebus</span> <span class='ocrx_word' id='word_1_160' title='bbox 322 1851 424 1911; x_wconf 91' lang='lat' dir='ltr'>decem</span> <span class='ocrx_word' id='word_1_161' title='bbox 445 1849 578 1911; x_wconf 86' lang='lat' dir='ltr'>Numidia</span> <span class='ocrx_word' id='word_1_162' title='bbox 604 1851 768 1913; x_wconf 88' lang='lat' dir='ltr'>decederet.</span> <span class='ocrx_word' id='word_1_163' title='bbox 811 1852 890 1923; x_wconf 84' lang='lat' dir='ltr'>Quae</span> <span class='ocrx_word' id='word_1_164' title='bbox 917 1867 1097 1929; x_wconf 84' lang='lat' dir='ltr'>quemquam</span> 
     </span>
     <span class='ocr_line' id='line_1_21' title="bbox 122 1933 1130 2015; baseline 0.006 -22"><span class='ocrx_word' id='word_1_165' title='bbox 122 1935 220 2010; x_wconf 80' lang='lat' dir='ltr'>gravia</span> <span class='ocrx_word' id='word_1_166' title='bbox 244 1941 274 1995; x_wconf 91' lang='lat' dir='ltr'>et</span> <span class='ocrx_word' id='word_1_167' title='bbox 298 1934 389 2012; x_wconf 83' lang='lat' dir='ltr'>flagiti</span> <span class='ocrx_word' id='word_1_168' title='bbox 410 1933 496 2012; x_wconf 78' lang='lat' dir='ltr'>plena</span> <span class='ocrx_word' id='word_1_169' title='bbox 525 1941 616 2006; x_wconf 88' lang='lat' dir='ltr'>erant,</span> <span class='ocrx_word' id='word_1_170' title='bbox 637 1942 748 2004; x_wconf 92' lang='lat' dir='ltr'>tamen,</span> <span class='ocrx_word' id='word_1_171' title='bbox 775 1937 841 2015; x_wconf 87' lang='lat' dir='ltr'>quia</span> <span class='ocrx_word' id='word_1_172' title='bbox 866 1935 967 1995; x_wconf 89' lang='lat' dir='ltr'>mortis</span> <span class='ocrx_word' id='word_1_173' title='bbox 983 1941 1130 1999; x_wconf 81' lang='lat' dir='ltr'>metumar</span> 
     </span>
     <span class='ocr_line' id='line_1_22' title="bbox 120 2017 914 2095; baseline 0.005 -19"><span class='ocrx_word' id='word_1_174' title='bbox 120 2018 325 2088; x_wconf 90' lang='lat' dir='ltr'>intuebantur,</span> <span class='ocrx_word' id='word_1_175' title='bbox 347 2019 431 2079; x_wconf 90' lang='lat' dir='ltr'>sicuti</span> <span class='ocrx_word' id='word_1_176' title='bbox 451 2020 515 2093; x_wconf 81' lang='lat' dir='ltr'>regi</span> <span class='ocrx_word' id='word_1_177' title='bbox 532 2017 682 2087; x_wconf 89' lang='lat' dir='ltr'>lubuerat,</span> <span class='ocrx_word' id='word_1_178' title='bbox 702 2035 759 2095; x_wconf 86' lang='lat' dir='ltr'>pax</span> <span class='ocrx_word' id='word_1_179' title='bbox 774 2019 914 2080; x_wconf 85' lang='lat' dir='ltr'>convenit</span> 
     </span>
     <span class='ocr_line' id='line_1_23' title="bbox 72 2099 1096 2179; baseline 0 -19"><span class='ocrx_word' id='word_1_180' title='bbox 72 2105 112 2165; x_wconf 85' lang='grc'>39</span> <span class='ocrx_word' id='word_1_181' title='bbox 207 2101 257 2160; x_wconf 87' lang='lat' dir='ltr'>Set</span> <span class='ocrx_word' id='word_1_182' title='bbox 268 2101 319 2162; x_wconf 91' lang='lat' dir='ltr'>ubi</span> <span class='ocrx_word' id='word_1_183' title='bbox 330 2119 364 2161; x_wconf 92' lang='lat' dir='ltr'>ea</span> <span class='ocrx_word' id='word_1_184' title='bbox 380 2099 489 2160; x_wconf 87' lang='lat' dir='ltr'>Romae</span> <span class='ocrx_word' id='word_1_185' title='bbox 505 2107 643 2177; x_wconf 85' lang='lat' dir='ltr'>conperta</span> <span class='ocrx_word' id='word_1_186' title='bbox 654 2107 736 2168; x_wconf 88' lang='lat' dir='ltr'>sunt,</span> <span class='ocrx_word' id='word_1_187' title='bbox 758 2108 853 2161; x_wconf 89' lang='lat' dir='ltr'>metus</span> <span class='ocrx_word' id='word_1_188' title='bbox 868 2108 954 2179; x_wconf 91' lang='lat' dir='ltr'>atque</span> <span class='ocrx_word' id='word_1_189' title='bbox 977 2118 1096 2162; x_wconf 88' lang='lat' dir='ltr'>maeror</span> 
     </span>
     <span class='ocr_line' id='line_1_24' title="bbox 122 2181 1094 2266; baseline 0.003 -25"><span class='ocrx_word' id='word_1_190' title='bbox 122 2183 265 2241; x_wconf 84' lang='lat' dir='ltr'>civitatem</span> <span class='ocrx_word' id='word_1_191' title='bbox 286 2184 426 2242; x_wconf 82' lang='lat' dir='ltr'>invasere.</span> <span class='ocrx_word' id='word_1_192' title='bbox 459 2182 531 2241; x_wconf 89' lang='lat' dir='ltr'>Pars</span> <span class='ocrx_word' id='word_1_193' title='bbox 552 2181 652 2244; x_wconf 92' lang='lat' dir='ltr'>dolere</span> <span class='ocrx_word' id='word_1_194' title='bbox 668 2200 723 2259; x_wconf 88' lang='lat' dir='ltr'>pro</span> <span class='ocrx_word' id='word_1_195' title='bbox 738 2181 829 2261; x_wconf 84' lang='lat' dir='ltr'>gloria</span> <span class='ocrx_word' id='word_1_196' title='bbox 840 2186 1031 2266; x_wconf 88' lang='lat' dir='ltr'>imperi,pars</span> <span class='ocrx_word' id='word_1_197' title='bbox 1049 2185 1094 2244; x_wconf 94' lang='lat' dir='ltr'>in·</span> 
     </span>
     <span class='ocr_line' id='line_1_25' title="bbox 121 2263 1094 2328; baseline 0.003 -6"><span class='ocrx_word' id='word_1_198' title='bbox 121 2263 203 2325; x_wconf 87' lang='lat' dir='ltr'>solita</span> <span class='ocrx_word' id='word_1_199' title='bbox 223 2282 325 2325; x_wconf 88' lang='lat' dir='ltr'>rerum</span> <span class='ocrx_word' id='word_1_200' title='bbox 343 2263 514 2324; x_wconf 90' lang='lat' dir='ltr'>bellicarum</span> <span class='ocrx_word' id='word_1_201' title='bbox 542 2265 645 2327; x_wconf 88' lang='lat' dir='ltr'>timere</span> <span class='ocrx_word' id='word_1_202' title='bbox 665 2264 804 2327; x_wconf 81' lang='lat' dir='ltr'>libertati:</span> <span class='ocrx_word' id='word_1_203' title='bbox 833 2267 906 2328; x_wconf 79' lang='lat' dir='ltr'>Aulo</span> <span class='ocrx_word' id='word_1_204' title='bbox 927 2283 1029 2328; x_wconf 90' lang='lat' dir='ltr'>omncs</span> <span class='ocrx_word' id='word_1_205' title='bbox 1048 2268 1094 2326; x_wconf 94' lang='lat' dir='ltr'>in-</span> 
     </span>
     <span class='ocr_line' id='line_1_26' title="bbox 121 2346 1128 2428; baseline 0.006 -20"><span class='ocrx_word' id='word_1_206' title='bbox 121 2347 198 2418; x_wconf 79' lang='lat' dir='ltr'>festi,</span> <span class='ocrx_word' id='word_1_207' title='bbox 222 2366 257 2409; x_wconf 84' lang='lat' dir='ltr'>ac</span> <span class='ocrx_word' id='word_1_208' title='bbox 277 2366 412 2410; x_wconf 86' lang='lat' dir='ltr'>maxume</span> <span class='ocrx_word' id='word_1_209' title='bbox 434 2346 574 2426; x_wconf 88' lang='lat' dir='ltr'>quibello</span> <span class='ocrx_word' id='word_1_210' title='bbox 596 2366 683 2428; x_wconf 84' lang='lat' dir='ltr'>saepe</span> <span class='ocrx_word' id='word_1_211' title='bbox 704 2350 848 2427; x_wconf 89' lang='lat' dir='ltr'>praeclari</span> <span class='ocrx_word' id='word_1_212' title='bbox 868 2351 992 2419; x_wconf 80' lang='lat' dir='ltr'>fuerant,</span> <span class='ocrx_word' id='word_1_213' title='bbox 1015 2350 1128 2427; x_wconf 74' lang='lat' dir='ltr'>quodie</span> 
     </span>
     <span class='ocr_line' id='line_1_27' title="bbox 123 2432 1092 2513; baseline 0.001 -21"><span class='ocrx_word' id='word_1_214' title='bbox 123 2442 253 2493; x_wconf 90' lang='lat' dir='ltr'>armatus</span> <span class='ocrx_word' id='word_1_215' title='bbox 269 2433 411 2495; x_wconf 90' lang='lat' dir='ltr'>dedecere</span> <span class='ocrx_word' id='word_1_216' title='bbox 432 2432 635 2511; x_wconf 85' lang='lat' dir='ltr'>potiusquam</span> <span class='ocrx_word' id='word_1_217' title='bbox 650 2449 739 2494; x_wconf 91' lang='lat' dir='ltr'>manu</span> <span class='ocrx_word' id='word_1_218' title='bbox 759 2432 880 2495; x_wconf 87' lang='lat' dir='ltr'>salutem</span> <span class='ocrx_word' id='word_1_219' title='bbox 902 2434 1092 2513; x_wconf 80' lang='lat' dir='ltr'>quaesiverat.</span> 
     </span>
     <span class='ocr_line' id='line_1_28' title="bbox 96 2513 1094 2578; baseline 0.002 -3"><span class='ocrx_word' id='word_1_220' title='bbox 96 2513 167 2576; x_wconf 83' lang='lat' dir='ltr'>aOb</span> <span class='ocrx_word' id='word_1_221' title='bbox 183 2532 217 2575; x_wconf 89' lang='lat' dir='ltr'>ea</span> <span class='ocrx_word' id='word_1_222' title='bbox 230 2516 333 2575; x_wconf 91' lang='lat' dir='ltr'>consul</span> <span class='ocrx_word' id='word_1_223' title='bbox 353 2515 474 2576; x_wconf 79' lang='lat' dir='ltr'>Albinus</span> <span class='ocrx_word' id='word_1_224' title='bbox 494 2533 530 2577; x_wconf 86' lang='lat' dir='ltr'>ex</span> <span class='ocrx_word' id='word_1_225' title='bbox 550 2515 654 2578; x_wconf 89' lang='lat' dir='ltr'>delicto</span> <span class='ocrx_word' id='word_1_226' title='bbox 676 2516 773 2576; x_wconf 80' lang='lat' dir='ltr'>fratris</span> <span class='ocrx_word' id='word_1_227' title='bbox 789 2516 924 2576; x_wconf 86' lang='lat' dir='ltr'>invidiam</span> <span class='ocrx_word' id='word_1_228' title='bbox 938 2533 972 2576; x_wconf 88' lang='lat' dir='ltr'>ac</span> <span class='ocrx_word' id='word_1_229' title='bbox 988 2516 1094 2578; x_wconf 90' lang='lat' dir='ltr'>deinde</span> 
     </span>
     <span class='ocr_line' id='line_1_29' title="bbox 120 2593 1093 2673; baseline 0.002 -17"><span class='ocrx_word' id='word_1_230' title='bbox 120 2593 283 2673; x_wconf 85' lang='lat' dir='ltr'>periculum</span> <span class='ocrx_word' id='word_1_231' title='bbox 295 2598 401 2657; x_wconf 88' lang='lat' dir='ltr'>timens</span> <span class='ocrx_word' id='word_1_232' title='bbox 414 2604 546 2656; x_wconf 89' lang='lat' dir='ltr'>senatum</span> <span class='ocrx_word' id='word_1_233' title='bbox 560 2598 597 2658; x_wconf 90' lang='lat' dir='ltr'>de</span> <span class='ocrx_word' id='word_1_234' title='bbox 612 2598 730 2658; x_wconf 86' lang='lat' dir='ltr'>loedere</span> <span class='ocrx_word' id='word_1_235' title='bbox 748 2596 930 2666; x_wconf 87' lang='lat' dir='ltr'>consulebat,</span> <span class='ocrx_word' id='word_1_236' title='bbox 952 2606 981 2656; x_wconf 90' lang='lat' dir='ltr'>et</span> <span class='ocrx_word' id='word_1_237' title='bbox 995 2604 1093 2658; x_wconf 92' lang='lat' dir='ltr'>tamen</span> 
     </span>
     <span class='ocr_line' id='line_1_30' title="bbox 120 2676 1092 2755; baseline 0.001 -17"><span class='ocrx_word' id='word_1_238' title='bbox 120 2678 237 2739; x_wconf 88' lang='lat' dir='ltr'>interim</span> <span class='ocrx_word' id='word_1_239' title='bbox 258 2679 399 2740; x_wconf 85' lang='lat' dir='ltr'>exercitui</span> <span class='ocrx_word' id='word_1_240' title='bbox 418 2677 654 2755; x_wconf 86' lang='lat' dir='ltr'>subplementnm</span> <span class='ocrx_word' id='word_1_241' title='bbox 674 2676 820 2746; x_wconf 90' lang='lat' dir='ltr'>scribere,</span> <span class='ocrx_word' id='word_1_242' title='bbox 839 2677 876 2738; x_wconf 88' lang='lat' dir='ltr'>ab</span> <span class='ocrx_word' id='word_1_243' title='bbox 891 2679 977 2738; x_wconf 88' lang='lat' dir='ltr'>sociis</span> <span class='ocrx_word' id='word_1_244' title='bbox 996 2688 1026 2739; x_wconf 90' lang='lat' dir='ltr'>et</span> <span class='ocrx_word' id='word_1_245' title='bbox 1038 2696 1092 2739; x_wconf 92' lang='lat' dir='ltr'>no-</span> 
     </span>
     <span class='ocr_line' id='line_1_31' title="bbox 120 2759 1126 2838; baseline 0.003 -17"><span class='ocrx_word' id='word_1_246' title='bbox 120 2762 199 2821; x_wconf 91' lang='lat' dir='ltr'>mine</span> <span class='ocrx_word' id='word_1_247' title='bbox 213 2759 315 2822; x_wconf 85' lang='lat' dir='ltr'>Latino</span> <span class='ocrx_word' id='word_1_248' title='bbox 330 2761 434 2822; x_wconf 82' lang='lat' dir='ltr'>auxilia</span> <span class='ocrx_word' id='word_1_249' title='bbox 449 2779 615 2831; x_wconf 86' lang='lat' dir='ltr'>accersere,</span> <span class='ocrx_word' id='word_1_250' title='bbox 635 2760 760 2838; x_wconf 90' lang='lat' dir='ltr'>denique</span> <span class='ocrx_word' id='word_1_251' title='bbox 779 2762 914 2822; x_wconf 90' lang='lat' dir='ltr'>omnibus</span> <span class='ocrx_word' id='word_1_252' title='bbox 928 2762 1021 2823; x_wconf 88' lang='lat' dir='ltr'>modis</span> <span class='ocrx_word' id='word_1_253' title='bbox 1034 2763 1126 2829; x_wconf 74' lang='lat' dir='ltr'>ies-so</span> 
     </span>
     <span class='ocr_line' id='line_1_32' title="bbox 95 2843 1092 2923; baseline 0.004 -21"><span class='ocrx_word' id='word_1_254' title='bbox 95 2844 222 2902; x_wconf 78' lang='lat' dir='ltr'>atiuare.</span> <span class='ocrx_word' id='word_1_255' title='bbox 256 2843 380 2903; x_wconf 86' lang='lat' dir='ltr'>Senatus</span> <span class='ocrx_word' id='word_1_256' title='bbox 396 2846 435 2903; x_wconf 89' lang='lat' dir='ltr'>ita</span> <span class='ocrx_word' id='word_1_257' title='bbox 445 2845 487 2902; x_wconf 88' lang='lat' dir='ltr'>uti</span> <span class='ocrx_word' id='word_1_258' title='bbox 504 2860 557 2920; x_wconf 86' lang='lat' dir='ltr'>par</span> <span class='ocrx_word' id='word_1_259' title='bbox 573 2844 668 2904; x_wconf 87' lang='lat' dir='ltr'>luerat</span> <span class='ocrx_word' id='word_1_260' title='bbox 680 2844 810 2904; x_wconf 89' lang='lat' dir='ltr'>decernit</span> <span class='ocrx_word' id='word_1_261' title='bbox 827 2861 881 2903; x_wconf 90' lang='lat' dir='ltr'>suo</span> <span class='ocrx_word' id='word_1_262' title='bbox 892 2851 978 2922; x_wconf 90' lang='lat' dir='ltr'>atque</span> <span class='ocrx_word' id='word_1_263' title='bbox 990 2846 1092 2923; x_wconf 89' lang='lat' dir='ltr'>populi</span> 
     </span>
     <span class='ocr_line' id='line_1_33' title="bbox 93 2923 1092 3004; baseline 0.003 -19"><span class='ocrx_word' id='word_1_264' title='bbox 93 2925 230 2985; x_wconf 76' lang='lat' dir='ltr'>oiniussu</span> <span class='ocrx_word' id='word_1_265' title='bbox 252 2923 365 2984; x_wconf 90' lang='lat' dir='ltr'>nullum</span> <span class='ocrx_word' id='word_1_266' title='bbox 385 2925 513 3000; x_wconf 88' lang='lat' dir='ltr'>potuisse</span> <span class='ocrx_word' id='word_1_267' title='bbox 534 2925 636 2986; x_wconf 78' lang='lat' dir='ltr'>foedus</span> <span class='ocrx_word' id='word_1_268' title='bbox 656 2926 728 2986; x_wconf 84' lang='lat' dir='ltr'>deri.</span> <span class='ocrx_word' id='word_1_269' title='bbox 778 2924 886 2985; x_wconf 85' lang='lat' dir='ltr'>Consul</span> <span class='ocrx_word' id='word_1_270' title='bbox 908 2927 1052 3004; x_wconf 88' lang='lat' dir='ltr'>inpeditus</span> <span class='ocrx_word' id='word_1_271' title='bbox 1074 2946 1092 2988; x_wconf 91' lang='lat' dir='ltr'>a</span> 
     </span>
     <span class='ocr_line' id='line_1_34' title="bbox 120 3003 1089 3090; baseline 0.005 -25"><span class='ocrx_word' id='word_1_272' title='bbox 120 3005 245 3066; x_wconf 90' lang='lat' dir='ltr'>tribunis</span> <span class='ocrx_word' id='word_1_273' title='bbox 267 3003 421 3084; x_wconf 86' lang='lat' dir='ltr'>plebeiae</span> <span class='ocrx_word' id='word_1_274' title='bbox 443 3023 514 3085; x_wconf 87' lang='lat' dir='ltr'>quas</span> <span class='ocrx_word' id='word_1_275' title='bbox 534 3016 687 3086; x_wconf 83' lang='lat' dir='ltr'>paraverat</span> <span class='ocrx_word' id='word_1_276' title='bbox 709 3008 807 3087; x_wconf 88' lang='lat' dir='ltr'>copias</span> <span class='ocrx_word' id='word_1_277' title='bbox 828 3025 928 3070; x_wconf 90' lang='lat' dir='ltr'>secum</span> <span class='ocrx_word' id='word_1_278' title='bbox 949 3017 1089 3090; x_wconf 88' lang='lat' dir='ltr'>portaret,</span> 
     </span>
     <span class='ocr_line' id='line_1_35' title="bbox 119 3088 1090 3170; baseline 0.001 -19"><span class='ocrx_word' id='word_1_279' title='bbox 119 3089 220 3167; x_wconf 87' lang='lat' dir='ltr'>paucis</span> <span class='ocrx_word' id='word_1_280' title='bbox 242 3088 345 3150; x_wconf 89' lang='lat' dir='ltr'>dicbus</span> <span class='ocrx_word' id='word_1_281' title='bbox 364 3091 395 3150; x_wconf 91' lang='lat' dir='ltr'>in</span> <span class='ocrx_word' id='word_1_282' title='bbox 416 3089 544 3152; x_wconf 81' lang='lat' dir='ltr'>din&#39;cam</span> <span class='ocrx_word' id='word_1_283' title='bbox 563 3091 769 3170; x_wconf 81' lang='lat' dir='ltr'>proficiscitur:</span> <span class='ocrx_word' id='word_1_284' title='bbox 798 3109 867 3154; x_wconf 91' lang='lat' dir='ltr'>nam</span> <span class='ocrx_word' id='word_1_285' title='bbox 893 3096 987 3156; x_wconf 87' lang='lat' dir='ltr'>omnis</span> <span class='ocrx_word' id='word_1_286' title='bbox 1007 3112 1090 3156; x_wconf 86' lang='lat' dir='ltr'>exer-</span> 
     </span>
     <span class='ocr_line' id='line_1_36' title="bbox 120 3173 1122 3255; baseline 0.007 -22"><span class='ocrx_word' id='word_1_287' title='bbox 120 3174 203 3244; x_wconf 89' lang='lat' dir='ltr'>citus,</span> <span class='ocrx_word' id='word_1_288' title='bbox 218 3174 261 3235; x_wconf 91' lang='lat' dir='ltr'>uti</span> <span class='ocrx_word' id='word_1_289' title='bbox 281 3181 465 3248; x_wconf 80' lang='lat' dir='ltr'>convenerat,</span> <span class='ocrx_word' id='word_1_290' title='bbox 482 3173 616 3236; x_wconf 87' lang='lat' dir='ltr'>Numidia</span> <span class='ocrx_word' id='word_1_291' title='bbox 639 3174 782 3235; x_wconf 90' lang='lat' dir='ltr'>deductus</span> <span class='ocrx_word' id='word_1_292' title='bbox 811 3177 841 3236; x_wconf 94' lang='lat' dir='ltr'>in</span> <span class='ocrx_word' id='word_1_293' title='bbox 860 3178 1007 3255; x_wconf 86' lang='lat' dir='ltr'>provincia</span> <span class='ocrx_word' id='word_1_294' title='bbox 1028 3176 1122 3242; x_wconf 77' lang='lat' dir='ltr'>hie-ae</span> 
     </span>
     <span class='ocr_line' id='line_1_37' title="bbox 93 3255 1091 3336; baseline 0.003 -20"><span class='ocrx_word' id='word_1_295' title='bbox 93 3255 226 3319; x_wconf 69' lang='lat' dir='ltr'>amabat</span> <span class='ocrx_word' id='word_1_296' title='bbox 248 3257 404 3335; x_wconf 86' lang='lat' dir='ltr'>Postquam</span> <span class='ocrx_word' id='word_1_297' title='bbox 418 3275 454 3317; x_wconf 90' lang='lat' dir='ltr'>eo</span> <span class='ocrx_word' id='word_1_298' title='bbox 473 3259 563 3328; x_wconf 83' lang='lat' dir='ltr'>venit,</span> <span class='ocrx_word' id='word_1_299' title='bbox 584 3274 758 3336; x_wconf 88' lang='lat' dir='ltr'>quamquam</span> <span class='ocrx_word' id='word_1_300' title='bbox 772 3261 909 3336; x_wconf 84' lang='lat' dir='ltr'>persequi</span> <span class='ocrx_word' id='word_1_301' title='bbox 920 3258 1091 3335; x_wconf 76' lang='lat' dir='ltr'>Iugurtham</span> 
     </span>
     <span class='ocr_line' id='line_1_38' title="bbox 121 3339 1090 3417; baseline 0.002 -17"><span class='ocrx_word' id='word_1_302' title='bbox 121 3345 150 3400; x_wconf 88' lang='lat' dir='ltr'>et</span> <span class='ocrx_word' id='word_1_303' title='bbox 170 3340 282 3402; x_wconf 87' lang='lat' dir='ltr'>mederi</span> <span class='ocrx_word' id='word_1_304' title='bbox 301 3339 447 3400; x_wconf 79' lang='lat' dir='ltr'>fraternae</span> <span class='ocrx_word' id='word_1_305' title='bbox 466 3339 588 3401; x_wconf 82' lang='lat' dir='ltr'>invidiae</span> <span class='ocrx_word' id='word_1_306' title='bbox 609 3341 706 3400; x_wconf 90' lang='lat' dir='ltr'>animo</span> <span class='ocrx_word' id='word_1_307' title='bbox 727 3339 860 3408; x_wconf 88' lang='lat' dir='ltr'>ardebat,</span> <span class='ocrx_word' id='word_1_308' title='bbox 889 3341 1011 3417; x_wconf 79' lang='lat' dir='ltr'>cognitis</span> <span class='ocrx_word' id='word_1_309' title='bbox 1036 3343 1090 3402; x_wconf 92' lang='lat' dir='ltr'>mi·</span> 
     </span>
     <span class='ocr_line' id='line_1_39' title="bbox 117 3419 1091 3505; baseline 0.009 -26"><span class='ocrx_word' id='word_1_310' title='bbox 117 3419 233 3492; x_wconf 88' lang='lat' dir='ltr'>litibus,</span> <span class='ocrx_word' id='word_1_311' title='bbox 256 3439 330 3502; x_wconf 88' lang='lat' dir='ltr'>quos</span> <span class='ocrx_word' id='word_1_312' title='bbox 353 3428 472 3502; x_wconf 87' lang='lat' dir='ltr'>praeter</span> <span class='ocrx_word' id='word_1_313' title='bbox 497 3421 594 3501; x_wconf 75' lang='lat' dir='ltr'>lugam</span> <span class='ocrx_word' id='word_1_314' title='bbox 617 3422 710 3483; x_wconf 87' lang='lat' dir='ltr'>soluto</span> <span class='ocrx_word' id='word_1_315' title='bbox 727 3421 849 3498; x_wconf 85' lang='lat' dir='ltr'>imperio</span> <span class='ocrx_word' id='word_1_316' title='bbox 867 3420 982 3485; x_wconf 89' lang='lat' dir='ltr'>licentia</span> <span class='ocrx_word' id='word_1_317' title='bbox 1004 3431 1091 3505; x_wconf 88' lang='lat' dir='ltr'>atque</span> 
     </span>
    </p>
   </div>
   <div class='ocr_carea' id='block_1_3' title="bbox 0 0 1200 3848">
    <p class='ocr_par' dir='ltr' id='par_1_3' title="bbox 0 0 1200 3848">
     <span class='ocr_line' id='line_1_40' title="bbox 0 0 1200 3848; baseline 0 0"><span class='ocrx_word' id='word_1_318' title='bbox 0 0 1200 3848; x_wconf 95' lang='lat' dir='ltr'> </span> 
     </span>
    </p>
   </div>
  </div>
 </body>
</html>
