2392 3848
123 129 163 191 82
304 151 346 189 ne
370 149 694 192 nsuno1vovernmo
719 150 746 191 o.
766 142 808 196 73.
827 141 870 195 74.
890 142 931 195 lo.

96 310 112 359 o
123 299 195 358 Mari
215 298 352 358 virtutem
370 296 401 355 in
421 296 515 356 malus
533 299 694 359 celebrare.
735 298 866 375 Denique
880 298 983 376 plebes
1003 303 1105 362 sicad-

124 399 225 450 oensa,
248 383 291 442 uti
309 380 428 459 opifices
450 389 639 460 agrestesque
662 400 777 449 omnes,
801 399 927 460 quorum
949 400 998 442 res
1019 383 1105 446 fides·

124 485 181 545 quo
200 468 229 525 in
248 465 384 525 manibus
405 465 476 523 silae
494 472 586 534 erant,
603 464 712 525 relictis
727 464 865 542 operibus
884 465 1106 544 frequentarent

123 549 246 609 Marium
261 556 290 611 et
304 566 356 608 sua
374 549 539 608 necessaria
553 555 620 627 post
635 548 711 609 illius
724 550 867 608 honorem
883 549 1033 610 ducerent.
1061 551 1103 611 lta

123 632 258 710 perculsa
271 631 420 692 nobilitate
430 637 496 707 post
507 631 613 692 multas
623 639 809 711 tempestates
819 649 895 692 novo
908 633 1018 693 homini
1033 653 1124 694 con-s

98 716 235 777 tsulatus
254 715 424 776 mandatur:
448 721 477 774 et
497 720 599 791 postea
623 715 749 792 populus
771 733 787 774 a
809 715 928 775 tribuno
950 714 1045 794 plebei
1067 717 1100 777 Τ.

123 799 228 860 Manlio
240 798 374 859 Mancino
388 804 517 874 rogatus,
532 816 619 876 quem
639 796 724 859 vellet
742 815 810 858 oum
832 798 971 875 Iugurtha
993 799 1103 861 bellum

48 944 51 951 ,
123 900 237 959 gerere,
259 882 399 960 frequens
416 880 540 941 Marium
562 883 652 942 iussit.
687 881 738 943 Set
759 881 845 959 paulo
868 881 1030 916 *sesses
1053 885 1103 944 de·

124 972 270 1028 creverat:
291 983 324 1025 ea
338 982 388 1024 res
406 963 515 1024 frustra
534 965 596 1025 fuit.

73 1053 112 1110 fi
208 1049 319 1109 Eodem
332 1055 465 1126 tempore
480 1048 618 1125 Iugurtha
634 1049 746 1108 amissis
760 1049 873 1116 amicis,
894 1067 1019 1127 quorum
1041 1050 1101 1127 plo·
1113 1068 1136 1109 to

123 1151 232 1212 rosque
246 1133 308 1210 ipse
323 1139 490 1200 necaverat,
510 1133 600 1191 ceteri
617 1131 772 1193 formidine
800 1150 870 1211 pars
894 1134 930 1194 ad
952 1133 1101 1194 Romanos

124 1215 171 1276 alii
193 1217 229 1275 ad
252 1231 352 1292 regem
371 1212 522 1274 Bocchum
543 1213 750 1293 profugerant,
778 1233 844 1275 oum
868 1232 964 1292 neque
990 1215 1099 1276 bellum

123 1301 185 1376 geri
205 1300 266 1359 siue
282 1298 457 1358 administris
474 1305 573 1374 posset
589 1304 618 1357 et
633 1315 776 1359 novorum
792 1299 879 1359 fidem
895 1299 924 1357 in
942 1304 1021 1359 tanta
1032 1317 1099 1378 per-

123 1383 189 1443 fidia
200 1388 332 1443 veterum
345 1382 470 1459 experiri
487 1381 685 1460 periculosum
700 1382 829 1451 duceret,
846 1383 942 1443 varius
957 1382 1098 1443 incertus·

124 1485 181 1544 que
196 1465 331 1543 agitabat.
368 1465 470 1545 Neque
483 1464 524 1526 illi
538 1483 587 1526 res
602 1483 698 1545 neque
713 1465 864 1526 consilinm
883 1472 933 1524 ant
948 1468 1101 1544 quisquam
1111 1485 1135 1524 ιι

122 1551 275 1610 hominum
293 1551 361 1610 satis
376 1548 525 1627 placebat:
543 1549 645 1609 itinera
663 1549 885 1627 praefectosque
905 1551 934 1609 in
956 1549 1018 1610 dies
1037 1569 1100 1611 ιιι·

123 1641 201 1702 tare,
224 1633 312 1695 modo
333 1632 487 1693 advorsum
503 1632 609 1700 hostis,
632 1633 779 1692 interdum
793 1634 823 1691 iu
843 1631 1012 1693 solitudines
1033 1650 1100 1710 per·

123 1733 208 1793 gere,
237 1734 324 1792 saepe
350 1718 380 1775 in
399 1715 468 1791 fuga
485 1733 519 1774 ao
533 1721 599 1791 post
613 1715 699 1790 paulo
719 1717 854 1775 inarmis
876 1732 958 1793 spem
980 1716 1099 1784 hahere,

123 1800 257 1860 dubitare
266 1799 363 1858 virtuti
380 1816 417 1858 au
431 1798 489 1859 fide
504 1797 688 1877 popularium
702 1800 798 1859 minus
813 1799 960 1859 crederet:
973 1800 1012 1859 ita
1028 1817 1100 1878 quo-

97 1896 248 1961 ecumque
264 1881 429 1943 intenderat
443 1899 492 1942 res
508 1881 647 1942 advorsae
663 1890 753 1946 erant.
783 1881 834 1943 Set
848 1884 925 1942 inter
940 1900 988 1943 eas
1002 1900 1135 1944 morasro

123 1974 244 2044 reponte
264 1984 328 2028 sese
346 1964 479 2026 Metellus
500 1983 567 2025 oum
589 1967 718 2027 exercitu
741 1966 882 2026 ostendit:
906 1965 1048 2026 Numidae
1064 1966 1100 2026 ah

122 2050 263 2127 Iugurtha
284 2068 339 2128 pro
357 2056 492 2128 tempore
512 2051 605 2126 parati
633 2051 838 2129 instructique,
866 2048 933 2110 dein
956 2048 1101 2127 proelium

97 2146 112 2194 :a
123 2135 268 2210 incipitur.
300 2132 362 2203 Qua
378 2134 408 2192 in
430 2138 514 2210 parte
536 2150 588 2192 rex
602 2144 719 2209 pugnae
741 2133 841 2200 adfuit,
864 2133 903 2193 itt
924 2131 1100 2210 aliquamdiu

124 2222 281 2284 certatum,
306 2216 395 2276 ceteri
417 2216 480 2275 eius
499 2232 599 2275 omnes
620 2215 725 2276 milites
740 2217 835 2294 primo
851 2233 1010 2294 congressu
1024 2215 1100 2295 pulsi

123 2298 279 2377 fugatique.
302 2297 426 2360 Romani
440 2299 590 2376 signorum
605 2308 634 2360 et
648 2317 798 2360 armorum
810 2299 955 2378 aliquanto
965 2318 1099 2367 numero,
1110 2319 1134 2358 ιι

122 2384 249 2444 hostium
268 2400 431 2463 paucorum
452 2370 551 2462 potiti:
570 2400 639 2444 nam
659 2384 752 2445 ferme
769 2383 901 2444 Numidis
915 2385 944 2443 iu
966 2383 1100 2444 omuibus

122 2466 240 2544 proeliis
261 2468 354 2543 magis
375 2467 465 2545 pedes
487 2485 574 2546 quam
592 2485 672 2527 arma
688 2474 749 2527 tuta
770 2474 846 2528 suut.

72 2553 111 2610 fh
206 2550 248 2610 Ea
269 2549 338 2626 fuga
361 2550 501 2627 Iugurtha
517 2552 667 2628 inpensius
682 2551 770 2611 modo
784 2550 875 2610 rebus
889 2552 949 2610 suis
968 2550 1101 2612 diffidens

122 2651 189 2694 cum
205 2633 336 2712 perfugis
350 2641 378 2694 et
394 2641 476 2710 parte
492 2635 637 2711 equitatus
647 2634 678 2692 in
693 2633 876 2703 solitudines,
894 2633 959 2694 dein
977 2633 1099 2694 Thalam

122 2719 269 2795 pervenit,
295 2719 325 2778 in
352 2716 491 2797 oppIdum
517 2732 656 2793 magnum
684 2723 770 2794 atque
796 2715 967 2795 opulentum
991 2716 1100 2794 ultique
1111 2738 1136 2778 ao

121 2800 254 2879 plerique
272 2801 422 2863 thensauri
440 2800 624 2878 filiorumque
643 2801 706 2860 eius
723 2799 831 2861 multus
848 2801 991 2878 pueritiae
1006 2800 1101 2860 cultus

94 2891 193 2942 rerat.
239 2884 320 2954 Quae
341 2890 495 2960 postquam
514 2881 630 2943 Metello
652 2889 791 2960 conperta
812 2891 894 2952 sunt,
924 2900 1100 2962 quamquam

120 2968 197 3027 iuter
214 2963 334 3024 Thalam
351 2963 518 3043 flumenque
531 2980 708 3044 proxumum
722 2965 752 3024 in
773 2966 865 3042 spatio
886 2964 997 3028 milium
1016 2967 1100 3045 quin·

122 3051 258 3129 quaginta
279 3047 343 3109 loca
359 3048 439 3109 arida
453 3055 540 3128 atque
556 3055 634 3109 vasta
650 3064 714 3108 esse
730 3056 913 3125 cognoverat,
934 3058 1032 3112 tamen
1049 3069 1101 3131 spe

120 3133 255 3213 patrandi
268 3131 346 3203 belli,
362 3134 386 3192 si
402 3134 464 3194 eius
479 3133 576 3213 oppidi
594 3134 703 3210 potitus
718 3132 803 3202 foret,
822 3135 916 3193 omnis
931 3136 1100 3212 asperitates
1110 3155 1134 3196 as

94 3218 317 3298 ssupervadero
339 3235 374 3278 ao
392 3224 526 3278 naturam
547 3218 632 3278 etiam
656 3219 772 3278 vfuoem
787 3217 965 3293 adgreditur.
1008 3216 1099 3292 Igitur

124 3304 218 3364 omnia
239 3303 368 3364 iumenta
389 3301 511 3361 sarcinis
531 3300 620 3361 levari
640 3299 731 3370 iubet,
753 3301 809 3360 nisi
824 3300 971 3361 frumento
986 3298 1100 3360 dierum

123 3386 233 3456 decem,
258 3393 388 3449 ceterum
409 3385 482 3446 utris
502 3384 589 3444 modo
613 3390 641 3442 et
661 3384 715 3443 alia
737 3402 830 3464 aquae
849 3383 954 3443 idonea
975 3384 1099 3460 portari:
