2392 3848
464 197 651 241 PRAEFATIO·
1018 200 1052 242 xl

67 315 171 366 Liulter.
200 340 233 350 —
255 314 335 373 79,1.
357 312 526 372 memorabile,
549 314 641 363 51555
658 312 791 379 archetypi
808 314 973 378 scripturam,
995 312 1053 364 Sal·

71 383 150 434 luatio
166 380 309 446 digniorem
326 395 396 441 5555,
420 395 497 442 quam
513 378 626 431 mirabile
647 379 711 430 mihi
728 394 880 444 persuasum
898 390 947 441 est,
971 395 1053 444 nequa

71 450 156 500 obstat
176 448 246 511 quod
268 448 381 509 sequitur
403 462 550 499 memorare.
593 462 640 499 555
661 461 815 510 quamquam
836 461 944 512 prorsus
971 447 1055 497 551555

68 531 122 566 555
143 529 222 565 ausus
245 530 316 575 sum,
342 525 426 564 tamen
449 514 539 564 melius
561 513 707 565 abfuturum
728 528 786 564 cum
805 512 888 563 Curtio
911 513 1003 565 155155.
1021 542 1054 552 -

69 585 113 647 80,
126 583 150 632 b.
168 580 282 648 Boeclro]
303 580 401 633 Bocclri
411 582 431 633 1.
460 581 517 631 Nisi
533 581 583 631 alia
600 597 680 643 eaque
690 580 818 631 luculenta
829 582 981 630 documenta
993 594 1054 645 pro-

68 644 120 699 1555
136 647 239 709 1555155,
258 649 350 711 quibus
369 658 452 699 utrum
470 648 592 713 Iugurtha
609 647 713 707 Bocchi,
737 661 771 697 au
788 646 830 696 hic
846 647 914 697 illius
931 647 1010 697 1111555
1028 649 1054 697 15

69 715 260 765 matrimonium
278 716 388 772 duxerit,
404 716 510 781 planum
527 715 580 776 ssat,
600 714 705 766 Bocclro
722 714 754 763 ab
771 714 843 763 libris
861 714 1054 777 antiquissumis
1129 762 1134 767 .

70 782 274 833 commendatum
296 782 456 831 retinendum
477 791 553 845 putot
583 795 664 842 eoque
685 782 769 845 magis
792 779 862 841 quod
879 780 1006 830 Bocchum
1028 782 1055 830 15

69 849 202 898 Romanos
239 861 377 910 ropensum
394 861 453 896 cum
463 846 587 910 Iugurtha
602 845 757 896 adfinitatem
768 847 874 909 iungere
883 847 997 896 voluisse
1007 848 1055 898 mi-

70 928 120 963 nus
138 914 191 963 veri
208 927 222 962 5
258 912 292 962 115
307 912 413 973 videtur,
432 927 510 975 quam
526 911 594 962 huuc
610 927 662 974 quo
679 911 748 962 illius
766 913 878 961 animum
895 927 942 978 per
957 927 1054 978 proxu-

69 994 128 1029 mos
144 978 283 1043 inpelleret,
301 989 330 1027 55
346 978 398 1029 fllia
415 980 480 1028 iuter
491 978 559 1028 illius
571 992 665 1028 uxores
678 987 754 1039 55555,
771 979 910 1030 curavisse.
922 1004 955 1016 -
972 980 1013 1040 81,
1029 983 1055 1032 2.

67 1047 151 1111 ibique
163 1042 234 1078 ****
245 1043 376 1109 Metellus]
397 1045 434 1096 ibi
450 1045 612 1107 Q.Metellua
628 1045 648 1098 1.
679 1044 830 1095 Ratiouibus
847 1058 895 1109 pro
919 1055 944 1096 et
966 1056 1055 1096 contra

68 1128 158 1163 rursus
182 1113 303 1177 expensis
325 1113 374 1162 555
398 1113 481 1163 155155
502 1112 571 1162 litem
591 1111 734 1173 relinquere
754 1111 884 1162 55515.-
904 1113 947 1173 85,
960 1116 984 1165 8.
1002 1130 1056 1165 cum

67 1191 183 1230 maxumo
204 1180 318 1242 benificia
340 1187 427 1231 vostro
449 1195 471 1230 c.
488 1177 519 1243 L]
546 1194 601 1230 cum
625 1193 740 1229 55555555
767 1185 854 1231 castro
874 1179 997 1242 benificia.
1022 1205 1055 1218 -

49 1289 51 1293 .
68 1248 111 1306 85,
126 1249 165 1297 10.
183 1243 288 1311 mutam]
306 1248 433 1296 55515551.
456 1245 493 1296 Ob
511 1246 591 1295 multa
608 1244 725 1310 exempla
736 1260 751 1296 5
763 1246 810 1296 551
826 1245 991 1296 confusorum
1003 1261 1054 1296 uon

68 1322 166 1363 tantum
182 1313 268 1362 tribuo
286 1313 367 1361 555151
378 1313 406 1370 P,
425 1321 453 1360 55
469 1313 540 1374 quod
556 1326 635 1362 uuum
653 1312 775 1362 orationis
793 1312 893 1361 flumini
911 1315 1054 1372 conveniat,

69 1380 137 1429 111155
155 1378 207 1428 fide
223 1385 326 1430 mutem.
344 1403 378 1413 -
394 1379 491 1439 85,11.
507 1393 552 1429 555
567 1381 695 1442 imperare
712 1393 734 1426 c.
747 1373 780 1444 1.]
806 1394 850 1430 555
866 1380 1051 1443 imperatorem.

70 1446 228 1507 Quamquam
253 1453 336 1495 autem
358 1445 407 1496 eibi
433 1445 465 1495 ob
491 1445 608 1494 codicum
634 1445 810 1494 auctoritatem
837 1446 940 1494 exulare
965 1446 1057 1496 555555

69 1526 191 1577 agnosco,
209 1520 294 1561 tamen
312 1513 374 1573 quia
389 1513 581 1578 ambiguitatem
603 1525 710 1575 prorsus
732 1519 853 1571 removet,
876 1512 939 1559 mihi
956 1511 1056 1574 placere

69 1593 121 1628 nou
139 1578 233 1628 15115155
256 1580 294 1627 155
310 1578 402 1630 55555.
419 1604 453 1616 -
474 1580 570 1638 85,14.
589 1578 748 1628 obiectaretur
764 1592 786 1628 5.
798 1578 818 1628 Ι.
856 1577 1006 1629 obiciuntur.
1024 1603 1056 1616 —

69 1647 110 1704 85,
125 1647 165 1696 16.
179 1642 274 1710 poscit]
291 1651 380 1709 posset
389 1645 410 1697 1.
424 1671 457 1683 -
474 1646 516 1705 85,
531 1648 571 1695 17.
585 1641 695 1710 sumum]
709 1645 808 1705 faciunt
831 1670 881 1694 .-
898 1647 940 1704 85,
953 1646 995 1698 22.
1012 1660 1057 1696 555

68 1712 144 1762 babet
161 1726 183 1760 5.
196 1709 226 1775 1.]
245 1712 406 1762 5551555555.
424 1738 458 1748 -
480 1713 523 1775 85,
535 1713 576 1762 24.
597 1712 697 1762 1515555
714 1713 754 1761 rei
771 1726 792 1764 c.
804 1706 845 1826 ip)
865 1715 935 1763 cariae
955 1714 1004 1763 rei.
1023 1737 1056 1749 -

70 1779 112 1838 85,
125 1779 166 1828 26.
184 1784 270 1830 vostro
287 1793 401 1828 55555555
423 1776 491 1842 5.1,]
512 1794 628 1829 mamerco
648 1786 743 1829 rostro.
765 1804 799 1814 -
821 1778 882 1830 115.
904 1793 943 1829 rae
963 1794 1056 1843 caepae

70 1859 93 1894 c.
106 1840 138 1909 1.]
157 1858 244 1908 meque
261 1858 363 1908 rosque.
386 1869 418 1880 ·-
440 1845 482 1903 85,
496 1846 537 1895 27.
560 1860 595 1894 ec
616 1846 693 1895 animi
711 1846 760 1894 mei
780 1841 997 1910 coalentiac.1.]
1021 1861 1057 1896 ecc

69 1912 147 1961 animi
166 1911 302 1960 scatentia.
324 1934 357 1946 -
378 1910 421 1971 85,
433 1911 474 1960 29.
493 1908 610 1973 pectore]
631 1925 742 1974 corpore
762 1910 782 1962 1.
817 1909 918 1960 Scilicet
942 1910 1056 1970 volnera,

70 1992 135 2039 quae
157 1985 260 2041 pectore
282 1975 392 2026 advorso
415 1986 535 2041 excepta,
562 1976 641 2025 multo
663 1975 830 2026 laudabiliora
857 1985 882 2026 et
903 1975 1057 2040 gloriosiora

70 2052 139 2103 suut,
157 2058 232 2104 quam
251 2056 317 2105 quae
333 2043 444 2094 advorso
462 2056 578 2109 corpore,
596 2057 658 2107 ergo
675 2041 715 2092 vel
732 2051 819 2092 ventre
834 2042 875 2092 vel
891 2043 1010 2108 pedibus.
1022 2068 1058 2081 -·

72 2110 115 2169 85,
129 2112 170 2160 50.
188 2116 284 2175 epcmet
300 2106 372 2177 meis]
393 2126 439 2175 epo
456 2110 553 2163 meiol.
582 2109 646 2160 11155
668 2124 822 2172 quamquam
845 2125 911 2159 5555
929 2109 995 2160 exii
1012 2125 1058 2161 cx·

74 2175 144 2225 hibet
161 2185 244 2225 tamen
263 2187 367 2240 optume
383 2178 513 2226 inventum
531 2191 597 2238 esse,
614 2191 671 2226 cum
690 2178 722 2226 ob
736 2177 851 2227 codicum
862 2177 1056 2242 discrepantias,

73 2251 128 2292 tura
147 2242 178 2290 ob
197 2243 335 2293 sententiae
347 2245 497 2308 gravitatem
513 2244 607 2297 iudico.
619 2268 651 2280 -
668 2245 710 2304 85,
724 2245 766 2295 ³4.
782 2245 831 2295 Eia
842 2241 898 2309 epo]
916 2245 1026 2310 Hiaepc
1037 2244 1058 2298 1.

74 2303 122 2367 Qut
140 2308 301 2359 librariorum
318 2319 435 2360 naturam
450 2325 586 2373 moresque
598 2312 703 2369 noverit,
722 2319 806 2359 utrum
817 2311 857 2361 lu's
873 2312 940 2361 auis
956 2312 974 2362 i.
987 2327 1008 2364 5,
1021 2313 1058 2361 515

71 2389 160 2424 verum
177 2377 220 2435 sit,
238 2390 291 2425 non
308 2392 342 2427 ex
358 2375 459 2426 illorum
477 2375 527 2426 fide
544 2376 736 2426 diiudicandum
754 2391 811 2425 esse
828 2377 944 2425 55155-
963 2378 1056 2434 85,39.

71 2443 173 2490 incultis
189 2441 299 2491 moribus
316 2441 380 2503 5.1.]
400 2443 518 2490 incultum
539 2442 655 2491 moribus.
677 2465 713 2477 -
733 2441 775 2499 89,
787 2443 829 2490 40.
850 2442 911 2490 uiris
933 2438 1055 2509 laborem]

70 2507 182 2556 laborem
198 2507 261 2556 ciris
278 2507 297 2554 I.
332 2505 467 2556 Ghiasmus
489 2520 547 2556 cum
568 2504 653 2556 latinis
677 2506 833 2566 oratoribus,
859 2515 912 2557 turn
936 2505 1057 2558 Sallustio

70 2575 107 2623 ita
124 2582 260 2623 consuetus
278 2581 325 2634 555,
342 2582 370 2623 55
386 2588 427 2623 me
444 2587 496 2623 555
514 2573 616 2638 pudeat,
635 2573 704 2635 quod
716 2582 800 2623 utrmu
818 2572 844 2624 h.
856 2573 874 2622 l.
885 2574 917 2624 ab
929 2589 1057 2640 gramma-

71 2639 127 2689 ticis
146 2639 232 2690 sciolis
250 2641 385 2691 restitutus
407 2653 440 2690 an
458 2641 564 2705 abipso
583 2640 707 2706 scriptore
723 2641 855 2691 1555155555
873 2642 920 2700 515,
946 2642 1056 2693 incertus

71 2705 198 2756 haeream.
215 2731 249 2742 -
266 2708 307 2768 85,
320 2708 361 2757 41.
379 2707 466 2757 Verba
482 2708 634 2772 prodierat
651 2719 678 2757 ut
695 2708 726 2757 ab
740 2708 857 2756 omnibus
869 2708 1001 2758 codicibus
1012 2710 1057 2759 ab·

71 2786 130 2822 esse
147 2772 273 2821 crederem
290 2783 433 2839 propterea,
452 2774 522 2836 quod
539 2774 565 2822 in
576 2773 678 2823 Iorduui
695 2773 806 2823 editione
818 2775 914 2823 omissa
924 2783 994 2840 suut,
1011 2775 1057 2825 ad·

71 2837 131 2889 5551
146 2840 291 2904 ncnpctui.
305 2865 336 2876 --
355 2840 417 2892 1515.
440 2838 467 2891 ia
483 2850 601 2892 55555555
617 2854 669 2890 555
687 2841 719 2890 ob
731 2840 853 2891 librorum
864 2840 949 2905 115555,
967 2851 1008 2892 555
1025 2841 1056 2892 55

71 2906 223 2957 senteutiam
240 2916 387 2972 suspectum
404 2906 500 2973 habeo,
527 2915 614 2958 contra
635 2907 668 2958 ab
687 2909 804 2959 55555555
826 2908 949 2958 ‘vocabulo
975 2924 1055 2960 55555

71 2973 176 3022 removi.
187 2997 221 3008 -
238 2974 280 3033 85,
292 2974 335 3025 42.
356 2970 509 3041 [55551555]]
529 2974 577 3025 551.
590 2973 609 3023 1.
636 2973 674 3025 05
686 2948 896 3025 115555555155555
908 2987 1057 3041 suspectum

72 3053 130 3088 5555
147 3039 235 3098 fateor,
255 3040 287 3088 55
305 3042 455 3091 seutentiam
472 3049 539 3090 certe
556 3041 618 3091 haut
635 3042 832 3096 incommodum.
850 3067 884 3079 -
900 3043 942 3102 85,
951 3044 993 3093 45.
1013 3043 1056 3092 bo-

72 3101 213 3167 555551]
231 3104 354 3156 55555555.
387 3107 517 3173 11555555
540 3107 710 3172 suspiciones,
733 3123 798 3169 quae
816 3108 878 3158 mihi
896 3108 1056 3158 5515515155-

73 3180 125 3220 tem
142 3172 270 3236 subortae,
290 3172 403 3221 noudum
414 3174 528 3223 sublatae
539 3183 608 3224 sunt.
619 3200 652 3211 -
669 3175 712 3234 85,
724 3177 766 3228 41.
782 3177 891 3239 pert'eali
901 3190 922 3224 5.
936 3172 969 3238 1.]
982 3177 1057 3238 peri·

73 3238 402 3299 cato.-86,1.arma,
425 3242 483 3291 allis
503 3235 616 3306 51111555]
640 3241 716 3292 armis
737 3243 844 3307 aliisque
864 3241 965 3292 utilibus
981 3241 1001 3291 l.
1022 3266 1054 3279 -

72 3305 152 3365 88,1.
169 3307 304 3370 accipitur]
323 3307 450 3370 excipitur
467 3308 486 3361 1.
513 3306 576 3358 0555
598 3322 653 3362 555.
676 3309 774 3374 optumi
797 3309 855 3358 libri
878 3307 1053 3368 5555555555,

72 3384 118 3420 cur
134 3374 263 3438 excipitur
280 3388 312 3423 ex
330 3373 458 3424 nonnullis
475 3372 579 3425 alterius
597 3375 697 3439 generis
719 3375 863 3424 necessario
881 3375 1054 3440 recipiendum

72 3436 120 3496 sit,
142 3452 194 3489 non
215 3441 353 3508 perspicio.
376 3467 408 3478 —
430 3441 472 3502 89,
484 3443 509 3493 8.
527 3443 593 3493 illam
609 3445 700 3506 procul
715 3437 815 3506 555555]
838 3442 905 3491 illam
926 3441 1019 3492 555555
1031 3441 1061 3488 k.
