2392 3848
144 187 183 246 20
257 208 299 247 oe
323 206 493 249 caxxmxma
518 208 756 250 comvuarroun
779 207 805 249 o.
827 200 861 255 39
891 200 935 255 40.
956 200 1003 253 41.

142 350 281 420 licuisset,
306 356 373 430 quin
390 354 509 414 defessis
528 362 556 414 et
574 355 752 430 exanguibus
770 355 819 431 qui
833 355 899 432 plus
913 360 1011 431 posset
1022 355 1117 431 impe·

115 435 216 495 orium
233 442 318 512 atque
332 436 493 497 libertatem
509 444 703 515 extorqueret
725 437 821 497 Fuere
834 445 929 497 tamen
944 443 1026 496 extra
1041 454 1113 497 con-

140 517 311 577 iurationem
325 519 489 595 conplures,
513 521 562 596 qui
580 520 616 578 ad
631 518 779 580 Catilinam
796 520 875 579 initio
892 519 1017 597 proiecti
1031 528 1111 579 sunt.

139 599 171 657 ln
182 602 223 658 eis
239 597 366 679 erat[A.]
373 601 503 670 Fulvius,
522 603 665 661 senatoris
682 601 771 669 filius,
790 619 877 679 quem
897 609 1057 662 retractum
1075 620 1112 663 ex

113 683 242 742 uitinere
263 700 370 759 parens
395 686 494 744 necari
522 686 612 745 iussit.
655 684 771 744 Eisdem
797 684 978 761 temporibus
1000 685 1136 745 nemaei

139 763 288 833 Lentulus
310 768 394 827 sicuti
412 767 532 827 Catilina
547 774 744 846 praeceperat,
767 784 966 845 quoscumque
979 766 1113 829 moribus

139 854 190 905 aut
211 847 327 908 lortuna
344 852 425 911 novis
439 851 530 913 rebus
542 852 662 912 idoneos
679 848 830 920 credebat,
853 856 903 910 aut
918 852 980 927 ipsc
996 856 1046 910 aut
1056 868 1112 928 per

139 928 210 987 alios
226 931 406 1001 sollieitabat,
424 953 520 1010 neque
534 934 627 992 solum
645 935 728 999 ciris,
752 939 796 991 set
810 934 950 1010 cuiusque
966 933 1045 992 modi
1060 948 1110 1009 ge-

89 1016 129 1076 40
140 1029 196 1070 nus
210 1011 377 1083 hominum,
400 1015 477 1091 quod
492 1014 579 1073 modo
594 1014 670 1072 bebo
685 1016 751 1073 usui
766 1012 851 1072 loret.
887 1014 978 1089 lgitur
992 1014 1024 1074 P.
1041 1014 1111 1075 Um·

140 1092 233 1152 breno
246 1096 360 1156 cuidam
373 1098 520 1172 negotium
535 1096 591 1163 dat,
605 1097 645 1155 uti
657 1096 767 1171 legatos
778 1094 968 1173 Allobrogum
981 1099 1112 1176 requirat
1120 1118 1146 1161 :e

140 1193 263 1253 eosque,
287 1181 311 1238 si
327 1179 426 1254 possit,
447 1177 565 1256 inpellat
586 1179 622 1237 ad
639 1180 806 1237 societatem
828 1177 910 1247 belli,
934 1181 1111 1241 existumans

139 1258 255 1333 publice
271 1262 462 1339 privatimque
477 1279 545 1321 aere
561 1261 653 1321 alieno
671 1260 839 1338 obpressos,
862 1269 1015 1339 praeterea
1032 1261 1109 1341 quod

138 1348 242 1400 natura
256 1359 328 1418 gens
343 1343 450 1404 Gallica
464 1343 600 1404 bellicosa
616 1352 704 1413 esset,
726 1342 810 1403 lacile
826 1362 876 1404 eos
891 1346 927 1406 ad
942 1345 999 1405 tale
1015 1347 1109 1404 consi-

114 1421 210 1486 alium
229 1426 332 1486 adduci
351 1444 446 1504 posse.
485 1426 665 1496 Umbrenus
689 1427 767 1505 quod
790 1429 820 1486 in
838 1427 928 1489 Gallia
946 1428 1109 1503 negotiatus

140 1514 217 1574 erat,
240 1509 388 1588 plerisque
401 1510 582 1588 principibus
598 1512 753 1570 civitatium
768 1517 854 1570 notus
876 1516 938 1569 erat
954 1515 1040 1587 atque
1058 1526 1108 1568 eos
1118 1527 1143 1568 rs

137 1599 268 1651 noverat.
285 1590 385 1670 ltaque
399 1594 461 1652 sine
475 1609 566 1662 mora,
584 1593 634 1652 ubi
647 1595 773 1670 primum
789 1593 899 1670 legatos
913 1593 943 1651 in
957 1568 1022 1649 loro
1038 1607 1107 1649 con-

137 1675 244 1747 spexit,
268 1681 457 1750 percontatus
473 1691 565 1751 pauca
585 1676 621 1734 de
641 1683 717 1735 statu
734 1676 854 1737 civitatis
869 1681 898 1735 et
911 1673 992 1752 quasi
1006 1671 1107 1737 dolens

138 1756 199 1812 eius
216 1773 315 1817 casum
329 1759 481 1834 requirere
499 1759 601 1834 coepit,
619 1775 706 1835 quem
721 1761 829 1819 exitum
844 1758 930 1819 tantis
944 1755 1028 1816 mal'm
1042 1772 1107 1835 spe-

111 1845 244 1903 3rarent.
267 1839 424 1917 Postquam
435 1838 498 1898 lbos
509 1839 585 1900 videt
596 1842 679 1918 queri
694 1841 730 1900 de
745 1842 861 1902 avaritia
875 1842 1106 1918 magistratuum,

137 1937 275 1982 accusare
289 1931 420 1983 senatum
441 1922 519 2002 quod
533 1925 562 1982 in
578 1941 612 1982 eo
626 1922 714 1984 auxili
730 1923 802 1983 nibil
817 1930 901 1991 esset,
914 1922 1039 1982 miseriis
1049 1922 1143 1981 enisu

24 2026 27 2031 ·
136 2005 298 2066 remedium
312 2016 435 2067 mortem
452 2012 620 2084 expectare,
638 2012 676 2063 ‘at
688 2005 752 2079 ego'
766 2005 857 2080 iuquit
870 2004 968 2071 ‘vobis
984 2002 1109 2063 simodo

137 2087 190 2144 viri
212 2106 274 2146 esse
297 2089 395 2155 voltis,
419 2092 560 2149 rationem
582 2086 750 2153 ostendam,
778 2103 834 2163 qua
854 2092 934 2144 tauta
957 2087 1012 2145 ista
1033 2085 1109 2144 mala

138 2167 300 2229 eluctatis?
332 2171 412 2230 llaec
426 2169 477 2229 ubi
500 2172 577 2240 dixit,
600 2166 772 2243 Allobroges
794 2169 823 2226 in
842 2185 1007 2228 maxumam
1027 2185 1109 2246 spem

137 2249 252 2311 adducti
259 2252 441 2313 Umbrenum
453 2268 547 2321 orare,
559 2260 592 2312 ut
601 2253 646 2312 sui
656 2250 859 2312 misereretur:
872 2249 943 2309 nibil
953 2258 1013 2309 tam
1025 2267 1108 2325 aspe-

138 2349 205 2391 rum
218 2351 314 2414 neque
328 2343 389 2395 tam
404 2334 521 2395 difficile
534 2353 610 2403 esse,
628 2335 707 2413 quod
720 2352 780 2393 nou
796 2333 988 2413 cupidissume
1004 2332 1143 2391 facturine

111 2425 245 2486 pessunt,
275 2419 344 2479 dum
373 2437 406 2478 ea
427 2435 476 2479 res
498 2419 639 2479 civitatem
661 2436 729 2478 aere
752 2416 844 2479 alieno
865 2415 1012 2477 liberaret
1057 2412 1108 2474 llle

137 2515 187 2554 ecs
201 2500 232 2555 lu
247 2500 366 2560 domum
379 2501 413 2559 D.
430 2501 515 2561 Bruti
531 2502 673 2578 perducit,
697 2502 775 2578 quod
789 2500 853 2558 lore
867 2501 1031 2576 propinqua
1047 2503 1110 2557 erat

137 2595 232 2653 neque
247 2579 339 2639 aliena
354 2583 455 2639 consili
470 2589 592 2656 propter
607 2582 824 2656 Semproniam:
839 2598 907 2637 nam
923 2587 986 2638 tum
1000 2578 1109 2637 Brutus

109 2658 172 2719 aab
187 2659 279 2720 Roma
297 2662 407 2722 aberat.
447 2661 603 2720 Praeterea
622 2661 776 2721 Gabinium
791 2661 921 2727 accersit,
938 2676 996 2736 quo
1015 2660 1108 2718 maior

137 2746 292 2805 auctoritas
318 2745 447 2805 sermoni
474 2745 590 2804 inesset.
638 2742 680 2802 Eo
703 2748 856 2819 praesente
880 2742 1141 2806 coniurationemao

137 2829 244 2900 aperit,
267 2830 399 2887 nominat
412 2829 521 2895 socios,
540 2833 693 2904 praeterea
709 2825 815 2885 multos
834 2826 973 2902 cuiusque
992 2827 1107 2900 generis

136 2907 277 2976 innoxios,
295 2927 353 2987 quo
368 2908 471 2984 legatis
486 2911 598 2968 animus
613 2907 735 2984 amplior
750 2914 835 2972 essct.
848 2906 962 2967 Deinde
979 2924 1030 2966 eos
1043 2905 1106 2982 pol-

91 2986 229 3056 41licitos
250 3007 369 3067 operam
392 3008 475 3051 suam
497 2991 617 3051 domum
637 2991 759 3049 dimittit.
799 2988 849 3050 Set
867 2988 1038 3069 Allobroges
1058 2990 1107 3049 diu

114 3073 168 3136 2in
190 3072 302 3133 incerto
322 3073 468 3144 habuere,
492 3074 630 3152 quidnam
652 3072 752 3133 consili
774 3080 919 3151 caperent.
962 3072 996 3133 ln
1017 3072 1108 3134 altera

138 3161 220 3233 parte
242 3164 306 3216 erat
322 3174 372 3218 aes
388 3158 514 3218 alienum
535 3157 662 3217 studium
676 3154 745 3216 belli
758 3171 863 3231 magna
883 3171 997 3216 merces
1012 3157 1041 3213 in
1056 3170 1142 3229 spese

138 3238 287 3309 uictoriae,
308 3248 338 3301 at
350 3241 381 3300 in
396 3241 485 3302 altera
499 3242 623 3301 maiores
638 3256 707 3316 opes
721 3245 783 3299 tuta
797 3238 912 3298 consilia
927 3254 981 3314 pro
997 3237 1108 3296 incerta

113 3336 190 3397 uspe
207 3329 286 3383 certa
299 3326 439 3405 praemia.
470 3322 548 3383 llaec
565 3322 620 3381 illis
638 3320 817 3382 volventibus
837 3319 953 3378 tandem
968 3318 1035 3377 vicit
1048 3317 1108 3377 lor·

115 3408 208 3468 ttuna
222 3408 266 3467 rei
279 3406 423 3487 publicae.
447 3406 547 3484 Itaque
563 3407 595 3476 Q.
611 3402 701 3464 Fabio
713 3404 835 3479 Sangae,
852 3401 934 3460 cuius
947 3402 1109 3478 patrocinio
