2392 3848
361 933 759 1018 annonario,

152 1285 225 1372 Quo
246 1305 314 1361 nihil
333 1304 430 1361 laetius
458 1305 666 1378 exoptatiusque
691 1304 924 1380 acciderepotest
949 1307 1056 1367 bomini

67 1387 218 1444 litterarum
234 1389 330 1444 otveri
346 1376 453 1452 amanti,
469 1389 534 1443 siin
550 1404 604 1460 quo
619 1391 678 1460 ipse
694 1403 802 1461 operam
817 1390 990 1465 studiumque
1004 1408 1053 1466 po·

68 1474 161 1534 suerit,
173 1471 201 1527 id
216 1471 283 1527 alius
298 1471 430 1544 suppleat,
444 1470 574 1534 absolvat,
590 1469 723 1534 emendet,
740 1472 864 1528 hoomihi
875 1476 991 1547 contigit
1005 1491 1053 1547 per

69 1555 406 1624 Hearioumlordenum,
424 1570 504 1628 quem
520 1554 647 1617 editione,
663 1553 870 1614 Berolini1866
886 1564 952 1630 aput
963 1556 1055 1612 Weid-

68 1654 180 1696 mannos
196 1637 328 1711 evolgata,
344 1639 438 1710 eisque
454 1653 522 1710 quae
535 1636 730 1694 inllusllhen.
747 1638 887 1696 volllVlll
902 1648 930 1696 et
941 1639 1056 1697 Hermae

69 1721 121 1777 rol.
138 1721 149 1775 l
169 1721 328 1793 disputavit,
350 1721 384 1776 de
399 1719 526 1776 Sallustio
547 1720 683 1794 praeolare
704 1723 834 1777 meruisse
849 1725 886 1780 ita
900 1722 1002 1786 fateor,
1024 1730 1056 1780 ut

69 1806 96 1860 in
112 1801 208 1876 quibus
224 1819 267 1858 me
283 1801 402 1858 aeerbius
417 1805 564 1876 castigavit,
587 1819 735 1878 agnoscere
757 1822 837 1878 quarn
857 1822 985 1861 excusare
1000 1823 1055 1862 rna·
1147 1870 1150 1875 ,

69 1887 124 1943 lim.
158 1885 252 1942 Oblata
270 1887 356 1960 igitur
375 1887 455 1942 huius
477 1901 551 1942 meae
571 1885 696 1942 editionis
711 1888 877 1960 repetundae
890 1891 1055 1944 necessitate

70 1969 135 2043 quid
149 1969 221 2024 aliud
236 1985 317 2044 agere
331 1971 418 2043 potui,
436 1985 515 2042 quam
530 1977 561 2025 ut
575 1985 643 2042 quae
657 1969 703 2025 ille
718 1977 899 2044 conparasset,
920 1972 959 2028 eis
975 1988 1055 2044 quem

70 2053 286 2126 diligentissume
300 2060 329 2109 et
342 2053 555 2127 religiosissume
569 2053 678 2109 utererl
707 2053 761 2109 Neo
775 2070 879 2117 vereor,
899 2055 972 2128 quod
987 2055 1055 2110 mul·

71 2138 105 2191 tis
121 2135 155 2191 de
169 2136 236 2192 loeis
251 2138 412 2193 sententiam
426 2152 511 2192 meam
525 2138 691 2200 mutaverim,
717 2153 752 2192 ne
770 2138 797 2192 in
817 2137 933 2193 levitatis
954 2140 1055 2195 crimen

70 2220 229 2275 incursurus
244 2220 304 2275 sim.
331 2218 434 2275 Etenim
450 2219 558 2276 eumad
573 2219 672 2292 aliquid
687 2219 814 2284 redimus,
830 2220 956 2277 liberiore
967 2223 1055 2277 animo

69 2301 188 2358 iudicare
203 2301 322 2358 solemus
332 2302 489 2376 faciliusque
505 2303 645 2374 opiniones
660 2303 787 2375 quasdem
800 2304 939 2359 omittere:
954 2312 1012 2359 tum
1023 2303 1056 2359 ab

69 2384 184 2439 Iordane
200 2383 373 2439 confirmatus
387 2387 416 2438 in
430 2400 461 2438 ea
475 2385 616 2453 sententia,
640 2400 719 2456 quam
734 2385 767 2439 de
781 2388 942 2456 praestantia
955 2387 1056 2442 oodiois

70 2466 90 2522 P
110 2467 168 2539 ipse
188 2466 292 2539 primus
316 2481 524 2540 proposueram,
550 2473 593 2521 set
616 2466 726 2521 meliora
753 2466 866 2523 edoctus
893 2469 926 2524 de
949 2469 1008 2526 cod.
1024 2470 1055 2534 V,

70 2550 158 2606 lacere
179 2565 234 2605 non
254 2550 332 2623 potui
352 2550 417 2622 quin
434 2550 463 2607 iu
484 2548 606 2605 omuibus
622 2548 698 2614 locis,
719 2549 752 2606 de
768 2550 865 2623 quibus
880 2552 1007 2608 iudicium
1023 2551 1055 2608 ab

70 2632 123 2689 fide
135 2631 265 2689 librorum
277 2633 415 2706 penderet,
431 2632 503 2688 illius
518 2633 669 2706 exemplum
684 2649 827 2706 sequerer:
838 2642 975 2708 postremo
987 2651 1055 2692 non·
1148 2704 1151 2709 .

70 2715 144 2774 nulla
158 2717 208 2771 iam
224 2717 283 2788 ipse
297 2732 469 2772 conrexeram
487 2717 516 2772 in
531 2716 649 2772 editione
664 2715 798 2780 Catilinae,
824 2734 893 2790 quae
907 2719 1049 2775 adnotato·

70 2799 148 2857 uibus
168 2799 310 2855 inlustrata
330 2799 431 2874 prodiit
451 2815 474 2855 a.
494 2798 584 2857 1864.
622 2798 747 2857 Ceterum
768 2803 894 2874 quoniam
916 2801 1002 2858 lusius
1018 2803 1053 2858 de

70 2883 184 2958 singulis
208 2883 344 2958 disputare
369 2899 425 2939 non
445 2891 488 2939 est
506 2883 586 2939 buius
608 2883 675 2948 loci,
701 2900 770 2957 quae
798 2901 870 2942 nune
889 2892 936 2941 aut
955 2887 1055 2942 mutavi

71 2976 117 3024 aut
142 2969 242 3024 retinui
265 2967 382 3024 breviter
406 2981 563 3030 recensere,
590 2967 726 3023 interdurn
754 2969 850 3025 additis
879 2972 1054 3042 argumentis,

71 3057 220 3184 οοηεῑιὸἳέ.
238 3133 264 3192 2,
273 3132 298 3180 2·
317 3138 462 3194 comm„
473 3126 522 3193 αι]
540 3136 581 3179 est
591 3129 684 3179 delevit
694 3131 713 3183 I.
736 3129 803 3180 Num
814 3132 841 3179 in
854 3131 971 3179 omnibus
982 3130 1054 3181 libris

27 3235 31 3242 .
72 3200 195 3248 omissum
213 3197 256 3257 sit,
274 3195 391 3259 equidem
403 3197 500 3248 dubito.
511 3222 551 3236 --·
569 3199 593 3256 3,
606 3198 631 3247 2.
649 3194 769 3295 astoremll
787 3197 807 3249 1.
825 3205 960 3248 auctorem.
989 3196 1055 3248 Illud

71 3267 103 3315 eb
121 3265 272 3316 senteutiam
288 3265 399 3326 retineo,
416 3265 566 3328 praesertim
583 3277 641 3312 oum
658 3264 715 3313 ood.
732 3264 773 3327 P,
792 3263 833 3313 oui
850 3263 979 3325 aliquanto
994 3265 1053 3330 plns
1120 3288 1122 3292 ¹

70 3331 131 3382 lldei
151 3347 228 3395 quarn
249 3331 292 3381 ille
312 3345 337 3383 v.
362 3330 388 3384 d.
411 3329 554 3380 habendum
577 3345 634 3380 esee
657 3330 778 3394 arbitror,
805 3330 931 3382 exhibeat.
970 3332 1052 3381 Etiam

70 3397 251 3448 multominus
269 3398 325 3464 lug.
344 3399 369 3462 1,
380 3399 406 3459 4,
429 3411 486 3446 cum
503 3397 603 3447 codices
621 3399 696 3462 primi
714 3398 817 3464 generis
832 3397 881 3460 <et
895 3414 960 3445 sm
969 3399 1066 3443 musas

892 3492 913 3522 λ
