2392 3848
264 205 306 245 nn
329 204 430 246 sunno
454 204 655 247 rrevnrmno
678 205 704 245 c.
727 197 769 250 71.
790 196 832 250 72.
856 195 898 250 73.
1031 186 1067 246 81

92 354 254 412 cruciatum
274 350 380 412 mallet.
406 351 455 412 Sel
471 346 537 413 curn
553 369 605 412 eae
619 351 731 412 litterae
755 352 881 422 adlatae,
902 351 977 412 sorte
992 352 1068 411 ltab-
1080 356 1115 411 71

93 430 172 495 dalsa
194 437 321 496 exercito
339 452 463 512 corpore
481 435 574 496 lessus
597 436 627 494 in
649 434 724 495 lecto
740 435 916 514 quiescebat,
932 433 983 494 ubl
1001 445 1095 510 cog-2

93 519 159 578 uitis
173 517 343 578 Bomilcaris
360 518 457 578 verbis
472 519 567 596 primo
584 535 664 587 eura,
681 519 795 588 deinde,
817 521 859 579 uli
873 535 994 594 aegrum
1011 520 1071 577 ani·

95 619 173 662 mum
193 601 286 670 solet,
309 618 429 661 somnus
451 602 535 681 cepit.
570 600 641 661 Erat
656 601 682 661 ei
697 601 821 662 Numida
844 602 961 681 quidam
978 608 1096 677 nego-3

70 687 200 745 aliorum
216 691 349 753 curator,
369 685 444 744 lidus
464 692 659 762 acceptusque
681 692 710 744 et
732 686 861 745 omnium
885 684 1071 745 consiliorum

91 769 147 826 nisi
161 768 320 826 novissumi
329 769 485 844 particeps.
508 765 563 836 Qui
574 773 729 846 postquam
744 766 853 828 adlatas
866 767 976 828 litteras
991 768 1098 828 audi-4

92 851 131 909 rit
154 856 182 909 et
205 868 240 909 ex
263 849 472 910 consuetudine
494 855 574 909 ratus
597 866 686 926 opera
709 858 758 910 aut
783 851 898 926 ingenio
917 868 970 910 suo
998 868 1072 927 opus

95 951 157 993 esse
185 934 214 993 in
243 931 465 993 tabernaculum
487 932 610 1000 introiit,
641 933 803 994 dormiente
830 932 879 993 lllo
907 932 1070 1010 epistulam,
1159 937 1162 941 '

94 1033 182 1093 super
206 1024 293 1094 caput
312 1017 342 1075 in
362 1013 481 1094 pulvino
503 1023 614 1076 temere
635 1018 769 1093 positam,
787 1015 874 1076 sumit
889 1035 923 1076 ac
936 1015 1070 1094 perlegit,

62 1124 83 1162 ro
96 1100 162 1160 dein
183 1117 311 1177 propero
333 1100 454 1176 coguitis
472 1099 582 1159 insidiis
601 1098 637 1158 ad
658 1116 759 1177 regem
777 1101 880 1178 pergit.
925 1097 1097 1160 Nabdalsat

93 1181 180 1260 paulo
202 1189 268 1259 post
291 1191 496 1260 experrectus,
523 1181 575 1242 ubi
602 1199 699 1260 neque
721 1182 872 1260 epistulam
893 1184 1024 1262 repperit
1040 1190 1073 1243 et

93 1284 157 1326 rem
173 1283 291 1326 omnem
305 1267 347 1324 uti
363 1271 424 1324 aeta
441 1273 503 1325 erat
518 1267 661 1340 cognovit,
684 1267 779 1343 primo
794 1266 918 1327 indicem
935 1267 1073 1344 persequi
1109 1268 1110 1271 ’

95 1357 231 1417 conatus,
243 1354 398 1426 postquam
408 1348 438 1407 id
448 1347 558 1407 lrustra
569 1348 635 1415 luit,
654 1346 824 1424 Iugurtham
835 1348 969 1426 placandi
980 1349 1072 1425 gratia

95 1431 223 1491 adcedit:
245 1430 328 1500 dicit,
346 1449 420 1508 quae
437 1433 498 1510 ipse
516 1431 675 1507 paravisset
689 1431 800 1498 lacere,
823 1431 944 1508 perlldia
961 1431 1072 1491 clientis

61 1515 139 1576 usui
159 1521 330 1592 praeventa:
349 1513 514 1574 lacrumans
537 1512 697 1574 obtestatur
711 1531 765 1592 per
785 1515 938 1575 amicitiam
959 1532 1072 1593 perque

95 1616 147 1657 sua
167 1606 251 1657 antea
266 1597 388 1658 fideliter
402 1605 465 1658 acta
482 1616 520 1658 ne
535 1615 623 1675 super
638 1596 687 1657 tali
700 1597 811 1659 scelere
827 1604 994 1676 suspectum
1009 1614 1072 1657 sese

95 1679 224 1741 haberet.
268 1680 310 1741 tu
335 1699 368 1741 ea
388 1700 454 1751 rex,
482 1679 565 1741 aliter
580 1687 666 1760 atque
688 1683 784 1741 animo
806 1680 936 1759 gerebat,
957 1679 1122 1759 placidell

97 1763 255 1842 respondit.
278 1764 442 1824 Bomilcare
458 1765 577 1842 aliisque
592 1763 698 1835 multis,
712 1783 785 1843 quos
796 1765 890 1824 socios
901 1765 1070 1824 insidiarum

98 1853 288 1924 cognoverat,
316 1848 476 1907 interiectis
503 1849 577 1906 iram
604 1847 805 1925 obpresserat,
834 1865 950 1926 nequa
973 1866 1009 1908 er
1036 1863 1071 1906 eo

59 1954 84 1993 eo
96 1931 212 2006 negotio
230 1931 332 1991 seditio
348 1937 492 1990 oreretur.
522 1929 623 2008 Neque
644 1940 711 2007 post
724 1932 752 1990 id
766 1930 899 1991 locorum
914 1928 1098 2006 lugurthae2

95 2014 155 2074 dios
177 2022 226 2074 aut
254 2031 312 2073 nox
334 2012 392 2074 ulla
414 2013 510 2092 quieta
531 2013 602 2073 luit:
630 2030 727 2090 neque
750 2012 815 2073 loco
835 2029 931 2089 neque
957 2012 1074 2072 mortali

95 2098 228 2176 cuiquam
250 2103 301 2157 aut
323 2097 447 2175 tempori
473 2098 542 2156 satis
563 2096 700 2165 eredere,
733 2097 801 2156 civis
823 2096 970 2173 hostisque
994 2096 1071 2156 iuxta

94 2186 233 2248 metuere,
249 2181 494 2257 circumspectare
511 2180 606 2240 omnia
622 2186 650 2239 et
671 2181 750 2239 omni
768 2179 890 2257 strepitu
905 2196 1071 2255 pavescere,

93 2262 148 2323 alio
157 2270 251 2341 ‚atque
266 2259 322 2323 alio
336 2262 410 2332 loco,
425 2280 512 2340 saepe
527 2271 628 2323 eontra
644 2263 733 2323 decus
747 2265 860 2338 regium
876 2269 964 2321 noctu
975 2262 1072 2337 requi-

59 2369 84 2410 es
95 2362 208 2413 escere,
235 2345 383 2405 interdum
397 2363 499 2404 somno
514 2352 702 2420 experrectus
718 2345 845 2422 adreptis
861 2345 949 2403 armis
964 2341 1070 2403 tumul·

94 2436 155 2488 turn
177 2429 290 2488 lacere:
313 2429 351 2487 ita
371 2427 525 2487 formidine
547 2429 628 2505 quasi
646 2427 780 2487 vecordia
803 2426 952 2503 exagitari.
1007 2432 1012 2463 ⁷

178 2511 271 2588 lgitur
287 2508 433 2578 llletellus,
456 2508 507 2569 ubi
524 2510 559 2570 de
579 2527 648 2570 casu
665 2508 837 2570 Bomilcaris
855 2519 884 2569 et
901 2509 1006 2570 indicio
1018 2513 1113 2586 pa-73

94 2595 198 2655 telacto
214 2612 249 2654 ex
269 2593 400 2672 perfugis
416 2595 564 2668 cognovit,
585 2609 688 2654 rursus
705 2603 853 2671 tamquam
872 2593 908 2654 ad
924 2595 1071 2668 integrum

95 2677 201 2738 bellum
223 2682 326 2738 cuncta
347 2685 431 2753 parat
457 2674 639 2755 festinatque.
689 2677 826 2745 Marium,
846 2676 1012 2752 fatigantem
1035 2675 1098 2736 den

57 2761 273 2841 sqprolectione
294 2759 380 2819 simul
402 2766 431 2820 et
452 2760 574 2820 invisum
596 2767 624 2820 et
646 2759 800 2820 oblensum
819 2759 991 2836 sibiparum
1010 2757 1072 2817 ido·

95 2862 183 2904 neum
209 2849 305 2912 ratus,
331 2842 449 2904 domurn
471 2842 593 2903 dimittit.
994 2859 997 2865 ·

177 2926 213 2986 Et
237 2926 346 2987 llomae
367 2926 469 3004 plebes
490 2925 605 2997 litteris,
634 2944 709 3005 quae
732 2927 767 2987 de
789 2924 904 2986 lletello
925 2942 960 2984 ac
981 2922 1099 2985 lllari03

95 3011 199 3070 missae
216 3016 315 3078 erant,
339 3011 462 3086 cognitis
480 3010 586 3070 volenti
608 3011 705 3069 animo
727 3010 762 3069 de
784 3008 928 3068 ambobus
950 3023 1072 3082 accepe-

93 3099 169 3154 rant.
210 3092 384 3174 Imperatori
406 3089 558 3160 nobilitas,
582 3108 659 3170 quae
681 3097 767 3150 antea
789 3088 889 3150 decori
911 3091 982 3166 luit,
999 3088 1100 3154 invi-a

60 3201 85 3243 ss
95 3176 158 3236 diae
174 3191 252 3236 esse:
268 3171 352 3233 atilli
370 3172 454 3232 alteri
468 3173 584 3248 generis
598 3169 744 3230 humilitas
757 3170 886 3230 latorem
903 3170 1070 3232 addiderat.

96 3268 226 3320 ceterum
245 3257 273 3315 in
296 3264 423 3333 utroque
443 3256 535 3332 magis
552 3253 645 3313 studia
666 3255 792 3330 partium
814 3272 901 3332 quam
922 3253 1000 3314 bona
1022 3260 1075 3313 aul

95 3341 170 3401 mala
188 3358 240 3401 sua
263 3338 423 3398 moderata.
454 3337 608 3397 Praeterea
626 3336 752 3396 seditiosi
760 3338 950 3414 magistratus
959 3332 1101 3416 volgumb

96 3423 255 3501 exagitare,
279 3420 426 3482 lletellum
442 3420 576 3498 omnibus
592 3417 774 3480 contioniBus
788 3419 889 3496 capitis
910 3437 1071 3499 arcessere,

144 3520 277 3574 Succusa·
907 3516 936 3570 u
