2392 3848
245 211 288 253 na
308 211 479 254 6611111611
498 210 738 255 commumoni:
762 205 847 258 651.
865 207 907 259 53.
1021 195 1061 256 31·

24 434 27 439 .
89 356 157 418 11661
180 375 227 416 166
245 359 307 434 ipsa
325 377 428 438 aspera
450 367 505 428 est,
528 370 643 420 661166
665 378 724 420 non
738 361 845 420 timetis
865 379 937 420 eam.
970 361 1064 420 lrnmo

88 457 159 500 vero
179 458 328 502 maxume:
350 450 394 503 set
414 444 518 503 inertia
534 452 562 503 et
576 443 695 503 mollitia
712 445 800 504 animi
822 443 894 503 61116
912 443 1063 503 611111161-

88 529 238 599 pectantes
253 528 438 596 cunctamini,
450 525 583 587 videlicet
598 526 659 586 deis
674 525 876 586 inmortalibus
887 527 995 594 confisi,
1014 528 1064 603 qui

88 605 165 666 hanc
178 623 242 667 rem
262 608 408 685 publicam
427 626 514 687 saepe
534 612 563 669 in
580 611 724 670 maxumis
739 608 878 686 perieulis
899 627 1061 669 servavere.

66 687 152 751 cNon
173 692 246 750 votis
261 708 357 768 neque
379 691 528 770 subpliciis
543 691 735 753 muliebribus
753 692 857 752 auxilia
873 692 995 752 deorum
1012 711 1063 769 pa·
1073 694 1113 745 21

88 779 206 833 rantur:
224 772 378 848 vigilando,
392 775 517 850 agundo,
533 774 609 835 bene
620 774 801 834 consulundo
814 792 954 851 prospere
967 777 1063 834 omnia

89 854 210 915 cedunt:
230 855 282 914 ubi
299 856 451 916 socordiae
470 864 499 915 te
522 863 608 935 atque
626 859 757 933 ignaviae
770 856 937 925 tradideris,
962 859 1064 934 nequi·

88 954 176 1014 quam
198 937 269 998 deos
285 937 428 1016 inplores:
451 940 516 999 irati
536 939 690 1020 infestique
713 946 789 999 sunt.
833 939 918 1017 Apud
938 941 1064 1000 maiores
1073 940 1110 991 30

87 1026 203 1080 nostros
215 1021 764 1101 111166111616111611611611611611166
776 1022 867 1083 lilium
877 1039 973 1091 suum,
987 1024 1065 1101 quod

54 1120 79 1162 16
88 1103 112 1161 16
128 1111 229 1163 661116
237 1106 396 1182 imperium
407 1106 436 1166 in
451 1105 565 1166 bostem
580 1113 773 1183 pugnaverat,
795 1107 895 1166 necari
913 1107 1003 1174 iussit,
1022 1113 1063 1165 at-

90 1202 146 1262 que
161 1185 209 1247 ille
225 1189 359 1264 63163116
376 1187 547 1249 adulescens
564 1189 762 1250 inmoderatae
777 1188 954 1250 fortitudinis
969 1197 1064 1248 morte

88 1285 199 1347 poenas
215 1270 308 1329 dedit:
330 1288 382 1330 vos
397 1271 433 1331 de
448 1270 666 1332 crudelissumis
686 1274 821 1350 paricidis
843 1272 913 1350 quid
933 1273 1064 1331 statuatis
1072 1272 1105 1324 31

90 1353 283 1413 cunctamini?
307 1351 447 1414 Videlicet
462 1362 559 1414 cetera
570 1356 628 1415 vita
639 1372 741 1415 eorum
756 1355 825 1415 huic
839 1354 944 1414 sceleri
959 1355 1063 1414 obstat.

89 1432 197 1494 Verum
218 1437 329 1512 parcite
348 1436 481 1518 dignitati
502 1436 632 1505 Lentuli,
655 1438 679 1495 si
700 1438 762 1515 ipse
780 1437 950 1514 pudicitiae,
977 1439 1000 1496 si
1022 1437 1063 1495 16·
1074 1440 1107 1489 32

54 1533 258 1587 1611666166,
280 1521 304 1579 si
330 1520 393 1582 deis
421 1528 470 1580 aut
499 1519 666 1579 bominibus
684 1537 821 1598 umquam
839 1518 904 1578 ullis
918 1522 1064 1596 pepercit:

10 1674 12 1681 Ι
89 1600 228 1674 131666116
243 1600 364 1678 Cethegi
381 1602 603 1671 adulescentiae,
623 1603 677 1661 nisi
698 1604 803 1662 iterum
824 1603 935 1678 patriae
955 1600 1113 1661 henumaa

89 1680 165 1741 iecit.
208 1684 282 1745 Nam
298 1685 367 1763 quid
385 1701 439 1762 ego
462 1685 497 1746 de
514 1685 636 1747 Gabinio
657 1684 766 1745 Statilio
785 1684 925 1762 Caepario
943 1683 1107 1762 loquari3t

90 1764 195 1840 quibus
210 1766 235 1825 si
252 1769 406 1846 quicquam
423 1787 560 1847 umquam
579 1771 662 1845 pensi
680 1769 797 1837 luisset,
820 1786 880 1828 non
895 1787 929 1829 66
947 1767 1065 1828 66161116

89 1846 125 1906 de
143 1864 176 1907 re
198 1847 314 1926 publica
333 1850 511 1910 habuissent.
534 1853 701 1920 Postremo,
725 1858 822 1927 patres
849 1853 1019 1928 conscripti,
1040 1852 1111 1912 6135

53 1929 272 1994 66166116161166
293 1939 413 2012 peccato
434 1931 516 1994 locus
537 1942 620 2001 66661,
638 1933 722 1993 facile
743 1940 860 2011 paterer
880 1951 931 1991 vos
951 1935 1013 2008 ipsa
1032 1950 1065 1991 re

89 2016 216 2092 conrigi,
232 2019 369 2095 quoniam
385 2015 474 2077 verba
490 2017 686 2076 contemnitis:
703 2023 747 2075 set
761 2016 889 2093 undique
906 2016 1065 2074 circumve·

87 2097 129 2156 nti
144 2115 254 2159 sumus.
283 2099 403 2161 Catilina
419 2118 486 2160 cum
503 2101 632 2161 exercitu
650 2098 783 2160 lancibus
796 2103 912 2176 urguet,
930 2096 976 2157 alii
991 2098 1066 2156 intra

88 2182 202 2242 moenia
217 2188 304 2259 atque
320 2185 349 2243 in
365 2185 431 2243 sinu
446 2182 557 2263 [urbis]
578 2191 646 2244 sunt
658 2183 766 2252 hostes,
788 2199 885 2260 neque
900 2181 998 2258 parari
1015 2198 1066 2241 ne·

89 2280 145 2405 que
160 2265 272 2325 consuli
287 2268 442 2344 quicquam
459 2278 556 2346 potest
577 2271 706 2329 occulte:
719 2283 776 2344 quo
791 2266 883 2340 magis
904 2281 1066 2342 properan-

10 2402 12 2407 .
54 2367 79 2408 ae
108 2365 159 2405 um
174 2354 226 2407 est.

148 2429 211 2500 Qua
221 2446 256 2490 re
267 2446 322 2506 ego
332 2430 375 2489 ita
384 2446 505 2491 censeo:
519 2449 586 2491 eum
597 2432 710 2491 nefario
721 2429 844 2490 consilio
857 2426 1068 2486 sceleratorum
1076 2427 1114 2480 36

90 2511 194 2571 civium
215 2529 263 2572 res
285 2511 401 2591 publica
419 2513 448 2572 iu
465 2529 601 2571 maxuma
622 2510 750 2588 pericula
772 2510 894 2579 venerit,
919 2510 1003 2588 eique
1023 2510 1067 2567 in-

89 2594 164 2654 dicio
175 2594 209 2654 T.
228 2593 358 2656 Volturci
370 2602 399 2655 et
419 2593 584 2672 legatorum
600 2592 793 2671 Allobrogum
813 2594 936 2653 convicti
953 2591 1067 2652 conses-

89 2679 172 2755 sique
186 2679 250 2748 sint,
273 2679 393 2739 caedem
407 2677 541 2739 incendia
557 2678 669 2755 aliaque
685 2694 716 2738 se
736 2677 821 2738 foeda
837 2683 924 2754 atque
939 2675 1068 2734 crudelia

55 2759 264 2822 6616611616111
285 2763 353 2822 civis
371 2763 554 2839 patriamque
568 2762 730 2838 paravisse,
751 2761 787 2820 de
808 2758 963 2825 confessis,
984 2758 1068 2816 sicuti

90 2842 126 2903 de
141 2843 309 2904 manufestis
323 2862 424 2905 rerum
441 2842 621 2922 capitalium,
640 2861 723 2903 more
737 2844 880 2903 maiorum
893 2839 1068 2919 subplicium

89 2925 286 2987 sumundum!

173 3009 331 3088 Postquam
346 3010 416 3071 Cato
431 3011 557 3078 adsedit,
581 3010 749 3070 consulares
765 3026 866 3068 omnes
880 3008 1006 3084 itemque
1022 3022 1067 3065 se·
1079 2998 1121 3058 53'

90 3100 175 3153 natus
190 3108 296 3167 magna
317 3109 385 3169 pars
402 3093 576 3153 sententiam
591 3093 653 3152 eius
670 3089 803 3158 laudaut,
823 3090 959 3149 virtutem
980 3088 1070 3147 animi

55 3176 128 3237 asad
143 3173 256 3235 caelum
268 3174 382 3234 ierunt:
398 3173 445 3234 alii
456 3174 527 3234 alios
538 3175 721 3250 increpantes
733 3173 847 3232 timidos
861 3178 981 3238 vocant,
998 3169 1069 3227 Cato

93 3258 188 3318 clarus
209 3265 296 3337 atque
307 3272 432 3333 magnus
450 3256 589 3318 babetur:
610 3257 701 3316 666611
716 3256 865 3316 decretum
877 3256 909 3314 tlt
928 3255 1002 3312 sicut
1021 3249 1070 3309 ille

93 3349 256 3401 censuerat.
668 3369 671 3376 ·

176 3424 228 3484 Set
248 3424 319 3485 milri
333 3423 423 3484 multa
439 3424 559 3501 legenti,
575 3422 664 3483 multa
684 3422 825 3490 audienti,
849 3437 924 3499 quae
941 3419 1097 3498 populosa
