2392 3848
104 140 113 192 t
245 150 286 190 un
309 149 411 191 annno
436 148 634 192 rvuvnrnruo
659 148 677 189 c
703 140 746 194 26.
769 139 801 192 at
829 140 872 193 ἢὸ.

153 295 194 357 Ea
210 305 364 377 postquam
374 297 469 358 Cirtae
481 298 577 357 audita
592 304 669 367 sunt,
684 295 785 366 Italici,
803 313 929 375 quorum
943 297 1052 357 tincta
1153 305 1154 367 ἶ

86 380 184 440 noenia
200 379 444 448 defensabantur,
468 380 569 440 confisi
583 380 728 440 deditione
742 379 818 440 sacta
832 386 953 456 propter
968 396 1052 459 mag·
1153 438 1154 463 ἢ

80 462 229 522 titudinem
239 463 340 540 populi
350 462 475 523 Romani
488 461 639 523 inviolatos
650 480 715 523 sese
729 462 802 531 lore,
814 459 972 522 Adherbali
982 478 1052 525 sua·
1153 467 1154 528 ἲ

74 546 140 606 lent
157 545 199 604 uti
216 562 307 624 seque
328 552 358 606 et
372 545 512 626 oppidum
530 545 688 623 iugurthae
708 545 813 613 tradat,
832 550 946 605 tantum
962 542 999 605 ab
1013 562 1052 607 co
1153 543 1154 612 l

71 630 156 687 vitam
179 630 363 704 paciscatur:
393 628 429 689 de
448 629 552 688 ceteris
572 630 685 689 senatui
708 645 797 689 curae
817 627 890 688 fore.
935 626 970 686 ht
989 625 1074 697 itte·

70 712 183 771 tametsi
205 714 301 773 omnia
324 713 438 790 potiora
458 712 516 773 lide
530 711 690 790 lugauthae
706 711 842 780 rebatur,
863 716 961 771 tamen
981 712 1052 789 quia

69 812 161 872 penes
181 796 308 865 eosdem,
332 797 357 856 si
378 796 591 864 advorsaretur,
614 795 737 873 cogundi
752 801 881 873 potestas
902 799 980 863 erat,
999 794 1050 863 ita,

50 880 112 938 tuti
134 886 309 939 censuerant
329 878 435 947 Italici,
458 879 634 939 deditionem
650 879 727 939 iacit.
745 876 930 956 Iugurthain
947 876 1053 954 prinus

69 960 265 1021 Adherbalem
283 964 481 1023 excruciatum
495 969 589 1030 necat,
609 960 714 1021 deinde
735 961 830 1020 omnis
846 959 975 1036 puberes
988 958 1050 1020 Nu·
1153 993 1154 1013 ,

70 1045 162 1104 midas
184 1051 270 1122 atque
292 1046 490 1120 negotiatores
509 1045 691 1121 promiscue,
717 1045 759 1103 uti
788 1044 910 1121 quisque
929 1044 1050 1103 armatis
1060 1062 1085 1104 u

71 1126 172 1186 obvius
192 1125 295 1195 iuerat,
316 1128 461 1187 interficit.

27 1204 58 1262 27
154 1206 238 1277 Quod
254 1215 409 1287 postquam
428 1208 539 1271 Romae
561 1212 709 1290 cognitum
730 1218 774 1271 est
797 1220 826 1270 et
838 1227 887 1270 rea
901 1211 932 1271 iu
945 1217 1049 1273 senatu

70 1294 171 1369 agitari
185 1299 297 1371 coepta,
307 1293 402 1355 eidem
414 1294 454 1355 illi
467 1295 591 1355 ministri
600 1296 679 1374 regis
692 1292 904 1371 interpellando
916 1311 951 1355 ac
961 1310 1050 1372 saepe

71 1378 174 1453 gratia,
184 1377 330 1439 interdum
350 1379 453 1455 iurgiis
472 1378 616 1440 trahundo
637 1385 753 1457 tempus
781 1378 962 1439 atrocitatem
980 1377 1049 1439 facti

45 1460 226 1521 :terrebant
259 1463 300 1523 hc
313 1463 345 1522 ui
366 1463 399 1524 G.
416 1461 584 1530 Memmius,
599 1461 735 1521 tribunus
752 1458 849 1539 plebei
871 1462 1048 1538 designatus,
1058 1478 1086 1519 a:

72 1545 114 1603 vir
130 1562 199 1605 acer
214 1553 243 1605 et
256 1546 377 1607 iniestus
391 1547 537 1622 potentiae
552 1543 717 1612 nobilitatis,
732 1544 872 1623 populum
884 1544 1049 1605 Romanum

72 1627 243 1696 edocuisset,
260 1628 288 1688 id
305 1631 360 1705 agi,
377 1636 410 1687 ut
426 1644 604 1705 perpaucos
622 1626 757 1687 factiosos
778 1627 936 1706 iugurthae
952 1625 1049 1688 scelus

72 1708 303 1779 condonaretur,
325 1709 459 1788 proiecto
481 1711 576 1771 omnis
588 1711 695 1772 invidia
710 1710 888 1789 prolatandis
902 1709 1048 1772 consulta·

70 1791 198 1852 tionibus
217 1793 327 1872 dilapsa
347 1793 439 1856 toret:
458 1800 538 1855 tanta
555 1795 597 1855 vis
616 1796 728 1872 gratiae
742 1801 829 1874 atque
843 1795 985 1872 pecuniae
999 1812 1048 1855 re·

46 1877 116 1952 ‘egis
131 1883 203 1937 erat.
235 1876 286 1939 Set
298 1877 349 1939 ubi
359 1884 478 1940 senatus
497 1878 593 1940 delicti
606 1880 783 1940 conscientia
797 1876 938 1955 populum
956 1878 1046 1948 timet,
1056 1895 1084 1937 :a

70 1960 136 2036 lege
147 1961 319 2040 Sempronia
329 1963 497 2040 provinciae
512 1962 618 2023 futuris
633 1960 803 2022 consulibus
814 1959 948 2020 Numidia
960 1967 1047 2039 atque

44 2042 150 2103 thalia
172 2045 321 2105 decretae:
344 2043 479 2104 mucules
499 2043 637 2103 declarati
651 2043 684 2102 P.
701 2041 797 2119 Scipio
813 2040 925 2110 Nasica,
940 2041 973 2102 L.
991 2041 1048 2104 Be·

71 2122 333 2203 stia[Calpurnius]:
345 2123 501 2202 Calpurnio
516 2123 659 2193 Numidia,
678 2123 806 2201 Scipioni
818 2122 899 2185 ltalia
914 2124 1046 2188 obvenit:

45 2206 175 2269 adeinde
196 2206 353 2273 exercitus,
375 2207 424 2284 qui
441 2207 472 2265 in
485 2205 613 2267 Africam
629 2213 812 2284 portaretur,
834 2207 980 2278 scribitur,
997 2211 1046 2269 sti·

71 2290 209 2367 pendium
223 2288 344 2368 aliaque,
367 2307 442 2368 quae
456 2287 534 2350 hello
556 2290 623 2350 usui
643 2290 749 2362 forent,
771 2291 981 2353 decernuntur.
1054 2310 1081 2351 :a

20 2372 60 2434 28
155 2374 192 2434 ht
209 2371 349 2450 Iugurtha
371 2378 473 2433 contra
494 2391 577 2451 spem
593 2375 696 2435 nuntio
711 2381 846 2455 accepto,
870 2377 977 2454 quippe
999 2376 1046 2435 cui

71 2459 181 2518 Romae
195 2457 290 2516 omnia
304 2472 428 2516 vaenum
444 2457 489 2517 ire
503 2458 534 2517 iu
548 2458 645 2518 animo
659 2457 809 2527 haeserat,
829 2458 920 2518 hlium
934 2465 963 2518 et
979 2475 1046 2519 cum

72 2558 106 2601 eo
122 2540 196 2600 duos
211 2537 358 2598 familiaris
373 2539 409 2599 ad
424 2546 558 2599 senatum
571 2540 684 2615 legatos
697 2542 791 2608 mittit,
809 2541 917 2616 eisque,
931 2541 974 2599 uti
988 2538 1046 2599 illis

72 2641 145 2704 quos
161 2621 325 2699 Hiempsale
339 2620 492 2682 interfecto
507 2622 635 2690 miserat,
646 2622 798 2698 praecipit,
811 2621 905 2682 omnis
914 2620 1045 2682 mortalis

45 2708 194 2787 apecunia
215 2705 430 2784 adgrediuntur.
463 2705 520 2777 Qui
533 2711 689 2784 postquam
704 2702 827 2764 Romam
842 2703 1044 2774 adventabant,
1055 2719 1081 2760 eo

70 2799 189 2851 senatus
203 2810 219 2849 a
234 2790 331 2850 Bestia
345 2787 560 2858 cumulamen,
576 2787 744 2866 placeretne
760 2787 872 2865 legatos
887 2787 1045 2865 Iugurthae

70 2873 162 2951 recipi
183 2868 351 2931 moenibus:
371 2870 456 2948 eique
476 2869 643 2940 decrevere,
665 2872 721 2931 nisi
748 2888 874 2949 regnum
891 2871 1045 2950 ipsumque

72 2954 201 3017 deditum
221 2953 381 3020 venissent,
400 2953 443 3013 uti
456 2952 487 3013 iu
501 2951 605 3014 diehm
617 2954 768 3032 proxumis
785 2953 886 3014 decern
899 2953 981 3016 ltalia
995 2957 1045 3016 de-

45 3038 222 3103 acedcrent.
243 3033 490 3100 ConsulNumidis
501 3055 537 3097 ex
546 3044 665 3097 senatus
675 3037 794 3099 decreto
809 3039 937 3099 nuntiari
949 3038 1044 3100 iubet:

71 3125 110 3182 ita
127 3120 241 3182 intectis
261 3117 352 3180 rebus
372 3119 413 3179 illi
433 3118 552 3180 domum
574 3120 735 3182 discedunt.
1053 3136 1059 3149 ¹

48 3216 66 3265 4
158 3204 278 3265 Interim
293 3200 466 3281 Calpurnius
486 3210 588 3280 parato
604 3205 734 3265 exercitu
752 3202 830 3282 legat
843 3203 899 3264 sibi
913 3203 1045 3264 homiues

72 3287 178 3349 nobilis
193 3288 343 3356 factiosos,
366 3302 492 3364 quorum
512 3287 684 3347 auctoritate
703 3305 777 3364 quae
793 3285 961 3364 deliquisset
980 3304 1044 3348 mu·

73 3373 132 3433 nita
154 3373 217 3433 lore
239 3369 389 3449 sperabat:
412 3369 525 3442 inquis
546 3368 600 3429 tuit
622 3369 758 3429 Scaurus.
783 3370 864 3427 errius
884 3368 920 3428 de
941 3378 1041 3429 natura
