2392 3848
267 226 310 265 nn
332 224 505 267 oarrnruan
529 221 770 266 commemorer
792 220 820 261 o.
842 210 886 264 52.
1022 198 1061 258 29

91 370 139 432 alii
153 371 231 431 varie
250 369 494 431 adsentiebantur.
527 373 562 431 dt
582 371 618 432 bl.
635 369 755 429 Porcius
767 365 845 432 Cato,
864 371 983 440 rogatus
998 383 1063 426 sen·

90 455 224 521 tentiam,
247 453 368 513 huiusce
383 453 462 515 modi
477 456 636 513 orationem
650 449 765 510 babuit:

177 534 285 613 ‘Longe
302 535 438 598 mihiolla
455 553 538 595 mens
554 542 612 603 est,
627 539 725 613 patres
740 531 909 609 conscripti,
934 550 1000 592 eum
1014 549 1088 598 rese

92 624 178 696 atque
192 617 321 697 pericula
335 625 435 678 nostra
454 618 614 685 considero,
640 622 669 676 et
686 632 753 676 oum
767 616 923 674 sententias
938 616 1062 676 nonnul-

70 699 188 760 olorum
210 703 272 779 ipse
293 718 408 764 meeum
430 706 544 777 reputo.
583 699 627 760 llli
646 698 718 759 mibi
739 697 909 757 disseruisse
930 697 1088 766 videntur3

95 782 131 842 de
145 799 241 861 poena
263 801 380 849 eorum,
404 783 453 858 qui
473 783 583 859 patriae
602 779 786 858 parentibus,
809 780 867 838 aris
889 785 976 855 atque
992 779 1065 840 loeis

92 865 152 923 suis
168 863 277 924 bobum
294 881 449 941 paravere:
467 880 516 922 res
531 869 628 923 autem
646 866 746 921 mouet
760 876 863 919 cavero
879 860 915 919 ab
933 860 989 919 illis
1003 879 1063 922 ma·

92 947 136 1021 gis
159 964 247 1024 quam
266 948 335 1022 quid
357 947 387 1003 in
407 943 473 1003 lbos
494 952 655 1006 statuamus
675 940 848 1003 consultare.
873 941 946 1002 Nam
968 949 1090 1009 ceteras

99 1027 233 1088 malificia
250 1033 309 1087 tum
328 1043 520 1106 persequare,
543 1025 594 1086 ubi
610 1027 684 1087 laeta
702 1031 788 1086 sunt:
808 1022 874 1093 hoe,
897 1025 953 1083 nisi
968 1029 1065 1103 provi·

57 1131 83 1172 ·.o
93 1111 170 1171 deris
185 1128 224 1170 111
250 1111 374 1178 aecidat,
391 1107 442 1170 ubi
460 1111 568 1177 evenit,
584 1108 693 1169 frustra
706 1107 811 1169 iudicia
821 1107 964 1186 inplores:
981 1116 1064 1188 capta

91 1192 167 1253 urbe
187 1193 257 1253 nihil
279 1194 311 1253 tit
332 1190 434 1253 relicui
455 1193 545 1253 victis.
583 1191 642 1260 Set,
665 1208 717 1269 per
737 1191 806 1251 deos
819 1189 993 1260 inmortalis,
1013 1206 1089 1255 vose

93 1291 148 1351 ego
164 1274 287 1352 adpello,
307 1277 355 1353 qui
370 1291 487 1353 semper
503 1275 604 1335 domos
618 1273 712 1343 villas,
728 1273 810 1351 signa
824 1271 939 1334 tabulas
953 1281 1065 1335 vostras

92 1357 186 1435 pluris
208 1375 296 1434 quam
316 1375 380 1429 rem
401 1356 549 1436 publicam
570 1357 692 1418 lecistis:
721 1357 745 1416 si
765 1357 833 1423 ista,
858 1356 1065 1436 cuiuscumque

92 1440 171 1500 modi
186 1446 253 1500 sunt
267 1457 342 1518 quae
356 1438 573 1519 amplexamini,
592 1440 733 1507 retinere,
758 1439 782 1497 si
801 1435 995 1514 voluptatibus
1015 1458 1065 1498 vo·

59 1541 83 1580 ra
93 1524 159 1583 stris
180 1524 270 1584 otium
287 1520 429 1602 praebere
447 1522 539 1591 voltis,
558 1520 789 1600 expergiscimini
799 1517 953 1596 aliquando
975 1527 1003 1580 11
1018 1539 1064 1581 oe·

92 1606 198 1683 pessite
221 1624 285 1666 rem
305 1604 461 1683 publicam.
502 1605 566 1666 Non
588 1606 683 1680 agitur
705 1603 741 1663 de
762 1601 950 1676 vectigalibus
969 1615 1091 1682 nequeo

92 1688 128 1748 de
145 1689 292 1748 sociorum
307 1689 435 1749 iniuriis:
458 1686 577 1749 libertas
593 1693 621 1747 et
636 1688 731 1746 anima
745 1690 844 1745 nostre
864 1684 996 1745 indubio
1012 1693 1063 1746 esi.

175 1770 406 1848 Saepenumero,
431 1778 528 1848 patres
550 1771 718 1847 conscripti,
742 1767 831 1828 multa
851 1765 938 1827 verba
959 1769 990 1828 in
1005 1768 1087 1831 boor

93 1852 194 1911 ordine
210 1852 281 1920 leci,
305 1870 393 1930 saepe
408 1853 444 1913 de
462 1853 575 1912 luxuria
595 1858 681 1931 atque
702 1852 818 1911 avaritia
840 1855 1064 1912 1111111111ηοί-

58 1954 84 1994 ro
93 1937 169 1994 vium
192 1940 312 2013 questus
325 1953 408 2003 sum,
430 1933 591 2012 multosque
612 1932 741 1994 mortalis
762 1949 795 1992 11
819 1951 904 1992 causa
927 1933 1065 1994 advorsos

91 2017 200 2078 babeo:
224 2019 273 2096 qui
294 2018 366 2078 mibi
384 2025 470 2096 atque
492 2017 587 2077 animo
601 2034 668 2076 meo
686 2015 792 2076 nullius
812 2030 950 2091 umquam
970 2014 1091 2079 delictis

91 2102 213 2178 gretiam
233 2100 383 2171 iecissem,
409 2101 480 2161 baut
510 2099 593 2160 laoile
615 2098 733 2159 alterius
753 2095 875 2158 lubidini
896 2095 971 2158 111111
990 2098 1065 2159 iacta

92 2183 301 2243 condonabam.
343 2183 393 2244 Set
411 2203 443 2244 11
461 2184 576 2243 tametsi
593 2200 644 2241 ros
661 2183 743 2260 parvi
764 2178 943 2261 pendebatis,
966 2187 1089 2245 11111119

91 2283 139 2325 res
161 2265 278 2344 publiea
299 2268 384 2338 firma
407 2274 483 2327 erat:
509 2265 655 2344 opulentia
676 2262 891 2342 neglegentiam
912 2262 1063 2324 tolerabat.

57 2347 176 2408 suune
197 2366 266 2407 vero
285 2365 345 2407 non
363 2349 393 2408 id
413 2349 515 2424 agitur,
537 2346 660 2407 bonisne
681 2364 718 2406 an
738 2346 821 2406 malis
838 2345 968 2404 moribus
986 2347 1107 2408 viva-10

93 2447 168 2497 mus,
183 2447 280 2507 noque
295 2436 435 2507 quantum
450 2435 500 2487 aut
514 2447 601 2505 quam
612 2428 797 2504 magnificum
804 2427 1067 2504 imperiumpopuli

91 2511 215 2571 Romani
233 2512 283 2580 sit,
307 2518 352 2572 set
371 2510 444 2571 haee
467 2511 674 2588 cuiuscumque
696 2508 775 2569 modi
795 2508 943 2576 videntur,
967 2515 1065 2569 nostra

92 2612 128 2652 ao
148 2593 301 2655 nobiscum
315 2612 375 2655 una
388 2593 516 2654 hostium
532 2591 628 2652 lutura
647 2594 712 2653 sint.
756 2592 810 2651 llio
827 2589 898 2650 mibi
912 2593 1064 2669 quisquam
1075 2601 1105 2650 11

91 2678 342 2738 mansuetudinem
369 2684 397 2737 et
427 2676 656 2737 misericordiam
682 2677 820 2735 nominat.
869 2671 1064 2751 iampridem

57 2772 82 2811 ³0
93 2760 226 2836 equidem
246 2776 301 2817 nos
322 2776 390 2818 vera
416 2757 555 2818 vocabula
581 2775 680 2818 rerum
706 2759 872 2818 amisimus:
900 2758 966 2833 quia
988 2755 1066 2818 bona

92 2840 184 2900 aliena
200 2840 300 2917 largiri
320 2840 485 2909 liberalitas,
502 2838 645 2901 malarum
664 2857 765 2900 rerum
785 2839 905 2900 audacia
926 2838 1064 2900 fortitudo

92 2929 225 2993 vocatur,
256 2940 290 2984 eo
312 2923 498 3002 respublica
520 2925 549 2982 in
571 2929 701 2984 extremo
723 2923 776 2982 sita
798 2928 849 2983 est.
902 2921 1108 2992 Sintsane,12

92 3007 228 3082 quoniam
239 3006 278 3065 ita
289 3023 320 3066 se
334 3024 431 3067 mores
442 3005 560 3074 babent,
572 3005 706 3066 liberales
718 3024 754 3065 ex
768 3007 915 3066 sociorum
930 3004 1062 3073 fortunis,

93 3089 152 3147 sint
173 3087 375 3148 misericordes
397 3091 427 3147 in
447 3089 561 3149 iuribus
582 3089 692 3148 aerari:
715 3104 753 3147 ue
770 3086 810 3146 illi
826 3088 997 3164 sanguinem
1012 3104 1065 3145 no-

57 3184 81 3223 11
91 3178 183 3230 strum
195 3168 355 3244 largiantur
366 3172 477 3242 etdum
485 3172 585 3250 paucis
596 3169 743 3229 sceleratis
756 3178 888 3249 pareunt,
901 3168 994 3228 bonos
1004 3186 1065 3227 om·

91 3255 136 3312 nis
157 3253 305 3331 perditum
325 3258 400 3312 11111.

174 3336 254 3397 Bene
273 3342 302 3394 et
316 3335 464 3414 conposite
479 3337 513 3398 G.
531 3335 636 3396 Caesar
657 3334 744 3414 paulo
766 3341 834 3394 ante
849 3335 878 3393 in
891 3333 949 3392 boo
962 3334 1063 3394 ordine
1074 3341 1106 3393 11

93 3418 128 3477 de
142 3420 197 3479 rita
221 3425 248 3479 et
264 3424 357 3478 morte
373 3418 515 3487 disseruit,
536 3417 623 3478 eredo
641 3417 711 3478 lalsa
730 3419 907 3478 existumans
925 3433 967 3487 ea,
989 3434 1064 3495 quae
