2392 3848
357 189 398 228 nx
420 186 584 229 ursronrrs
605 185 803 228 nxcnnrrsn.
1023 171 1081 231 109

103 330 342 414 pravissumeque
365 351 419 411 per
441 331 560 394 sceleris
584 335 783 396 inmanitatem
807 333 903 394 adhuc
921 341 1002 394 tutus
1018 336 1085 404 fuit,-

104 419 174 478 dum
195 437 246 478 vos
266 426 346 478 metu
365 417 505 494 gravioris
527 418 625 477 serviti
644 436 659 477 a
684 416 846 495 repetunda
867 415 1002 477 libertate
1022 426 1083 477 ter-

103 519 218 562 rammi.

186 585 341 661 Agundum
356 591 442 661 atque
457 582 572 644 obviam
584 584 712 646 eundum
726 593 778 653 est,
791 584 927 656 Quirites,
942 601 980 644 ne
991 583 1083 660 spolia
1117 595 1132 643 ι

77 675 199 728 svestra
218 685 309 744 penes
331 665 396 726 illos
417 667 488 725 sint:
515 685 576 727 nou
597 666 802 744 prolatandum
823 666 1011 745 nequeuntis
1030 684 1083 744 pa·

102 751 195 811 randa
206 751 325 811 auxilia:
347 749 404 808 nisi
418 749 495 810 forte
509 751 632 826 speratis
651 751 809 811 taedium
800 767 859 809 ram
877 757 927 809 aut
938 749 1083 826 pudorem

101 833 263 912 tyrannidis
276 831 374 893 Sullae
395 849 458 893 esse
480 840 509 892 et
530 851 598 893 eum
619 851 673 910 per
693 833 788 893 scelus
810 839 951 909 occupata
966 834 1082 909 pericu·

101 916 192 976 losius
213 916 410 980 dimissurum
427 916 465 975 nt
486 915 535 975 ille
558 935 593 976 ec
614 917 771 994 processit,
792 923 826 974 ut
836 914 910 975 mhrl
922 915 1083 992 glomosum
1117 925 1135 977 8

102 1000 159 1059 nisi
180 1005 276 1059 tutum
298 1006 327 1059 et
348 999 445 1058 omnia
466 998 636 1060 retinendae
664 998 867 1059 dominationis
887 997 1010 1058 honesta
1031 1017 1082 1059 ex·

69 1098 93 1138 ιι
102 1085 229 1145 istumet.
268 1083 369 1162 ltaque
397 1080 446 1142 illa
473 1082 556 1160 quies
577 1092 606 1142 et
629 1083 720 1142 otium
739 1100 807 1143 cum
829 1080 979 1152 libertate,
1008 1100 1082 1160 quac
1116 1093 1135 1146 tt

102 1165 186 1226 multi
208 1167 295 1244 probi
315 1167 413 1244 potius
435 1182 524 1242 quam
544 1165 676 1226 lahorem
702 1183 770 1226 cum
795 1164 959 1225 honoribus
981 1181 1082 1242 capes-

102 1249 223 1317 sebant,
251 1248 331 1309 nulla
353 1256 436 1309 sunt:
464 1248 521 1307 hac
547 1256 718 1328 tempestate
746 1248 936 1310 serviundum
966 1258 1016 1309 aut
1031 1250 1084 1310 im·
1102 1261 1135 1311 10

102 1332 303 1409 perstandum,
326 1330 479 1391 habendus
499 1337 593 1391 metus
615 1339 730 1391 estant
751 1331 920 1400 faciundas,
945 1330 1080 1400 Quirites.

101 1415 176 1475 Nam
198 1415 267 1493 quid
290 1414 366 1476 ultra
376 1415 392 1473 l·
417 1431 528 1492 quaeve
549 1414 677 1474 humana
698 1424 838 1493 superant
859 1423 910 1474 aut
930 1414 1025 1474 divina
1039 1415 1082 1472 in·
1102 1428 1132 1479 li

70 1498 212 1577 inpolluta
234 1499 320 1558 sunt?
352 1496 483 1574 Populus
503 1497 661 1567 Romanus,
683 1498 771 1575 paulo
786 1499 1000 1572 auregensium
1019 1514 1083 1555 mo·

102 1583 229 1651 deratcr,
252 1589 356 1643 exutus
368 1584 495 1660 imperio
509 1581 601 1657 gloria
622 1582 702 1651 iure,
726 1580 852 1657 agitandi
873 1581 958 1658 inops
979 1580 1083 1658 despe-

102 1677 224 1744 ctusque
245 1683 284 1725 ne
303 1665 416 1725 servilia
438 1664 557 1742 quidem
578 1663 715 1725 alimenta
733 1662 844 1724 relicua
860 1662 958 1723 habet.
983 1663 1134 1724 socio-12

101 1766 169 1808 rum
197 1755 226 1808 et
247 1748 311 1808 Lati
339 1764 445 1824 magna
472 1749 515 1808 vis
544 1749 658 1808 civitate
690 1765 746 1826 pro
776 1746 875 1807 multis
902 1753 931 1806 et
958 1746 1083 1824 egregiis

102 1832 186 1891 iactis
205 1850 221 1890 a
244 1831 327 1891 vobis
348 1831 413 1890 data
434 1847 488 1906 per
510 1848 603 1890 unum
624 1831 835 1908 prohibentur,
867 1836 896 1890 et
916 1828 1013 1908 plebei
1039 1830 1082 1888 in-

68 1917 206 1975 aencxiae
224 1916 333 1991 patrias
360 1913 445 1973 sedes
467 1930 648 1991 occupavere
669 1916 757 1990 pauci
776 1912 931 1982 satellites,
969 1930 1083 1972 merce·

101 1999 170 2058 dem
191 1996 345 2057 scelerum.
373 1995 467 2072 Leges
488 1995 593 2055 iudicia
632 1998 788 2064 aerarium,
808 1996 975 2072 provinciae
996 2010 1083 2071 reges
1102 2005 1135 2056 13

100 2099 193 2158 penes
211 2098 312 2149 uuum,
336 2079 462 2157 denique
479 2080 560 2139 necis
576 2080 682 2139 civium
704 2085 733 2139 et
751 2081 826 2138 vitae
845 2077 970 2139 licentia.
991 2075 1083 2138 Simul
1102 2089 1135 2139 14

102 2164 245 2224 humanas
260 2165 368 2223 hostias
383 2162 493 2223 vidistis
512 2169 542 2222 et
561 2161 696 2240 sepulcra
717 2162 824 2222 inlecta
841 2164 983 2238 sanguine
999 2159 1082 2221 civili.

103 2246 193 2306 Estne
213 2247 282 2305 viris
302 2246 404 2306 relicui
425 2245 502 2305 aliud
522 2263 610 2323 quam
631 2244 744 2306 solvere
766 2247 902 2305 iniuriam
939 2254 989 2306 aut
1007 2244 1084 2304 mori
1103 2255 1134 2306 ιι

70 2347 159 2406 asper
176 2328 330 2388 virtutem?
363 2329 500 2404 quoniam
520 2328 638 2404 quidem
657 2346 749 2388 unum
772 2328 907 2388 omuibus
928 2329 1018 2399 finem
1031 2344 1083 2387 na·

103 2421 169 2471 tura
189 2409 235 2470 rel
255 2411 334 2470 ferro
356 2411 462 2487 saeptis
481 2411 593 2477 stanit,
623 2428 720 2488 neque
748 2412 902 2489 quisquam
923 2419 1083 2471 extremam

103 2495 308 2555 necessitatem
340 2491 412 2554 nihil
439 2510 528 2553 ansus
552 2494 608 2551 nisi
633 2491 771 2553 muliebri
799 2495 916 2569 ingenio
940 2502 1082 2570 expectat.

104 2577 212 2638 Verum
234 2593 288 2652 ego
308 2576 471 2645 seditiosus
494 2578 535 2636 uti
551 2575 630 2636 Sulla
647 2577 695 2644 ait,
715 2577 766 2654 qui
782 2579 913 2674 praemia
928 2577 1083 2637 turbarum
1103 2579 1135 2628 lc

105 2679 223 2739 queror,
241 2668 270 2719 et
290 2657 400 2719 bellum
421 2661 551 2737 cupiens,
576 2661 625 2738 quii
642 2661 707 2722 iura
728 2662 809 2738 pacis
829 2669 941 2737 repeto.
968 2660 1084 2720 Scilicet
1103 2662 1133 2710 17

67 2745 170 2823 ecqrria
186 2761 247 2802 non
266 2741 349 2802 aliter
369 2740 439 2802 salvi
453 2744 579 2820 satisque
593 2744 670 2803 tuti
662 2761 692 2802 m
702 2745 829 2823 imperio
841 2744 929 2813 eritis,
949 2744 1005 2804 nisi
997 2743 1082 2802 Vet-

103 2828 161 2887 tius
177 2826 283 2887 Picens
298 2831 326 2885 et
342 2825 439 2885 scriba
454 2824 605 2886 Cornelius
626 2825 719 2886 aliena
736 2826 813 2887 hene
835 2834 918 2924 parta
938 2826 1082 2924 prodege-

103 2912 178 2971 rint:
208 2911 263 2970 nisi
286 2908 481 2986 adprobaritis
499 2926 601 2968 omnes
629 2911 904 2988 proscriptionem
896 2912 1083 2971 innoxiorum

104 2995 141 3052 ob
164 2995 291 3062 divitias,
324 2994 470 3054 cruciatus
490 2994 621 3052 virorum
642 2991 817 3061 inlustrium,
840 3002 950 3053 vastam
978 2993 1084 3053 urbem

104 3075 173 3150 fuga
195 3085 223 3134 et
245 3076 398 3144 caedibus,
430 3075 509 3135 hona
533 3075 637 3134 civium
658 3077 834 3135 miserorum
857 3078 939 3154 quasi
960 3074 1083 3137 Cimbri-

68 3175 170 3219 sscam
197 3158 338 3234 praedam
358 3174 483 3218 vaenum
507 3164 557 3217 aut
585 3157 661 3215 dono
683 3157 789 3218 datam.
814 3160 852 3218 dt
870 3158 995 3219 obiectat
1012 3159 1083 3219 mihi
1102 3161 1135 3213 18

102 3242 301 3318 possessiones
323 3259 359 3301 ex
373 3241 459 3301 bonis
478 3240 727 3318 proscriptorum:
751 3243 829 3320 quod
852 3242 971 3320 quidem
991 3241 1081 3302 scele-

101 3341 168 3387 rum
188 3325 265 3387 illius
289 3324 335 3385 vel
358 3341 529 3385 maxumum
550 3330 607 3392 est,
638 3341 699 3383 non
720 3343 768 3386 me
788 3343 886 3403 neque
907 3342 1083 3404 quemquam

102 3409 320 3470 omniumsatis
341 3415 437 3470 tutum
457 3408 556 3476 luisse,
576 3408 699 3468 sirecte
721 3407 893 3470 faceremus.
915 3409 1004 3488 Atqui
1024 3408 1081 3474 illa.
