2392 3848
122 174 163 235 36
237 194 280 235 1111
303 192 475 236 1111111111
499 192 738 239 oomrnarrous
762 192 790 235 c.
812 184 854 239 59.
877 183 921 237 6⁰·
943 182 986 237 61.

122 340 268 411 militaris,
287 341 367 419 quod
381 342 505 420 amplius
520 359 613 403 annos
625 343 743 418 triginta
757 339 893 401 tribunus
907 347 957 401 aut
970 338 1102 420 pracfec-

121 432 169 485 tus
191 431 242 485 aut
262 423 375 502 lagatus
395 432 445 485 aut
458 431 577 504 praetor
600 443 668 486 cum
689 440 795 501 magna
815 422 907 500 gloria
922 425 952 483 in
973 425 1103 485 exercitu

122 507 226 577 fuerat,
248 507 404 586 plerosque
424 509 504 586 ipsos
525 507 659 586 factaque
681 525 784 570 eorum
802 506 889 567 fortia
909 514 1046 568 noverat:
1070 525 1102 568 ea

123 590 370 651 conmemorando
388 592 512 652 militum
532 592 644 653 animos
665 589 855 652 adcendebat.

72 675 111 737 60
206 674 256 735 Set
270 672 321 734 ubi
336 674 472 735 omuibus
487 675 577 736 rebus
589 674 744 753 exploratis
754 674 888 735 Petreius
901 671 972 733 tuba
987 673 1124 749 signums

125 759 188 827 dat,
209 757 337 819 cohortis
357 757 497 835 paulatim
514 759 651 820 incedere
672 757 769 827 iubet,
790 757 869 818 idem
888 756 958 817 facit
975 756 1103 816 hostium

96 841 278 902 texercitus.
316 841 476 921 Postquam
495 861 529 904 eo
548 849 665 904 ventum
689 848 747 910 111,
770 840 849 902 unde
871 838 917 921 [a]
939 838 1104 900 ferentariis

122 924 266 1002 proelium
282 926 413 985 conmitti
424 933 532 1001 posset,
540 943 678 987 maxumo
689 925 819 985 clamore
829 922 923 1004 [cum]
929 923 1104 998 infestissig·

97 1010 168 1070 anis
182 1013 374 1067 concurrunt:
388 1005 446 1085 pila
461 1009 607 1075 omittunt,
624 1006 725 1081 gladiis
742 1022 791 1065 res
805 1008 926 1081 geritur.
958 1005 1103 1073 Veterani,

123 1091 262 1168 pristinae
282 1091 397 1150 virtutis
418 1107 579 1157 memores,
603 1089 766 1149 comminus
786 1089 893 1148 acriter
913 1092 1035 1159 instare,
1064 1089 1139 1152 111111

97 1173 194 1236 111111
211 1173 301 1233 timidi
315 1173 468 1232 resistunt:
486 1189 622 1233 maxuma
641 1172 669 1231 ri
683 1177 821 1232 certatur.
851 1170 966 1233 Interea
983 1171 1104 1232 Catilina

125 1275 192 1316 cum
202 1255 343 1333 expeditis
354 1257 383 1315 in
394 1257 488 1333 prima
499 1257 563 1317 acie
572 1257 692 1324 vorsari,
706 1253 908 1316 laborantibus
917 1272 1102 1323 succurrere,

123 1342 253 1417 integros
273 1357 328 1416 pro
351 1340 457 1399 sauciis
477 1356 646 1408 accersere,
668 1339 766 1399 omnia
786 1339 958 1416 providere,
980 1338 1103 1399 multum

123 1425 186 1502 ipse
207 1438 354 1501 pugnare,
377 1440 465 1500 saepe
482 1422 597 1484 hostem
616 1423 721 1484 ferire:
742 1423 855 1483 stream
875 1421 973 1483 militis
990 1429 1019 1483 11
1035 1421 1106 1482 boni

97 1509 314 1585 oimperatoris
329 1509 425 1569 officia
438 1507 524 1568 simul
551 1504 760 1585 exequebatur.
803 1505 936 1566 Petreius
956 1504 1008 1566 ubi
1027 1505 1139 1568 videtis

126 1589 287 1660 Catilinam,
304 1595 406 1651 contra
419 1608 453 1650 ac
467 1597 550 1652 ratus
559 1599 630 1658 erat,
646 1604 752 1665 magna
766 1589 794 1648 ri
808 1588 939 1658 tendere,
954 1589 1105 1649 cohortem

125 1675 302 1750 praetoriam
315 1675 345 1732 in
356 1673 468 1733 medios
478 1672 570 1732 hostis
579 1673 691 1733 inducit
701 1689 810 1750 eosque
820 1671 1010 1748 perturbatos
1019 1679 1106 1750 atque

125 1753 197 1814 alios
211 1754 279 1814 alibi
294 1756 454 1816 resistentis
467 1756 615 1822 interficit,
636 1755 740 1816 deinde
753 1756 901 1833 utrimque
918 1774 954 1817 cx
965 1755 1107 1816 lateribus

100 1847 242 1905 coeteros
258 1838 436 1915 adgreditur.
473 1838 596 1901 llanlius
618 1846 647 1900 et
667 1837 847 1901 Faesulanus
864 1841 1015 1917 inprimis
1031 1854 1106 1918 pug-

99 1927 228 1984 rnantes
250 1922 366 1983 cadunt.
397 1921 516 1983 Catilina
536 1931 689 2001 postquam
709 1923 789 1983 siuas
810 1925 908 1999 copies
927 1941 1017 2001 soque
1040 1939 1142 1984 cumae

124 2007 226 2083 paucis
248 2004 383 2067 relictum
402 2006 488 2076 videt,
503 2024 617 2067 memor
637 2006 753 2083 generis
773 2013 860 2084 atque
878 2007 1016 2081 pristinae
1035 2023 1106 2065 1111

127 2090 286 2165 dignitatis,
309 2091 339 2148 in
357 2090 595 2149 confertissumos
608 2089 700 2148 hostis
716 2089 841 2147 incurrit
856 2087 955 2167 ibique
972 2105 1106 2167 pugnans

127 2171 301 2231 confoditur.

77 2260 110 2320 61
210 2253 260 2314 Set
274 2253 407 2315 coniecto
418 2253 530 2332 proelio
543 2261 606 2315 tum
618 2272 689 2315 vero
700 2271 847 2323 cerneres,
864 2262 972 2331 quanta
986 2255 1106 2316 audacia

101 2344 294 2418 2quantaque
314 2339 403 2398 animi
416 2339 459 2399 vis
472 2336 574 2399 fuisset
585 2340 616 2399 in
631 2339 761 2399 exercitu
776 2336 922 2413 Catilinae.
954 2337 1141 2400 1111111111

127 2441 214 2503 quem
237 2423 360 2500 quisque
379 2423 461 2482 rivos
479 2422 637 2500 pugnando
649 2421 749 2483 locum
763 2428 896 2501 ceperat,
917 2439 985 2483 eum
1001 2422 1106 2482 amissa

102 2509 223 2580 3anima
242 2523 369 2583 corpore
381 2505 508 2582 tegebat.
544 2505 633 2566 Pauci
649 2513 762 2576 autem,
785 2523 859 2584 quos
872 2505 985 2567 medios
1001 2505 1107 2565 cohors

127 2589 274 2666 praetoria
294 2589 459 2658 disiecerat,
478 2588 567 2666 paulo
587 2590 730 2649 diversius
748 2592 807 2650 alis
825 2590 899 2649 alr'di
917 2595 1041 2661 stantes,
1063 2594 1109 2648 set

102 2687 231 2734 domnas
244 2677 342 2732 tamen
360 2671 489 2732 advorsis
499 2668 667 2732 volneribus
680 2671 877 2731 conciderant.
901 2669 1020 2732 Catilina
1036 2688 1106 2732 vero

129 2756 215 2833 longe
235 2774 252 2816 a
274 2755 426 2817 1111111111
442 2754 569 2815 hostium
584 2755 724 2815 cadavera
737 2763 873 2833 repertus
884 2761 936 2824 est,
956 2753 1108 2832 paululum
1117 2776 1142 2817 ao

130 2841 216 2899 etiam
231 2840 345 2914 spirans
360 2839 556 2916 ferociamque
571 2839 672 2907 animi,
695 2857 782 2916 quam
796 2837 940 2900 habuerat
959 2839 1054 2908 rivos,
1077 2840 1107 2898 in

105 2921 208 2985 ovoltu
230 2922 369 2980 retinens.
409 2920 561 2981 Postremo
581 2923 713 2982 exomni
735 2923 819 2998 copia
836 2939 933 3000 neque
948 2922 976 2981 in
994 2922 1107 2998 proelio

105 3019 226 3083 cneque
241 3005 271 3064 in
286 3002 355 3082 fuga
366 3004 520 3082 quisquam
535 3005 604 3064 civis
613 3005 758 3082 ingennus
772 3011 874 3083 captus
886 3011 943 3067 est:
957 3006 996 3066 ita
1011 3006 1107 3066 cuncti

107 3104 203 3152 rsuae
218 3088 403 3166 hostiumque
416 3089 491 3149 vitae
507 3089 586 3149 iuxta
600 3095 802 3167 pepercerant.
831 3087 933 3169 Neque
946 3096 1108 3151 111111111-

132 3174 240 3236 1111111
250 3170 351 3249 populi
357 3171 481 3232 Romani
491 3171 597 3232 laetam
604 3178 655 3233 aut
664 3173 847 3234 incruentam
858 3173 1007 3234 victoriam
1019 3171 1107 3248 adep·
1117 3194 1143 3236 ae

131 3266 179 3318 tus
194 3263 353 3318 erata-nam
370 3257 598 3318 strenuissumus
614 3258 736 3335 quisque
750 3264 799 3317 aut
814 3257 961 3317 occiderat
977 3255 1006 3314 in
1021 3271 1107 3332 proe-

107 3340 185 3410 8111,
208 3347 259 3401 aut
271 3343 397 3417 graviter
417 3339 583 3399 volneratus
606 3339 786 3401 discesserat.
827 3338 910 3400 ldulti
929 3344 1035 3407 autem,
1059 3340 1108 3418 qui

134 3443 151 3482 1
165 3426 267 3484 castris
280 3425 392 3486 visundi
407 3431 458 3485 aut
472 3423 613 3502 spoliandi
625 3424 716 3501 gratia
730 3429 947 3501 processerant,
963 3421 1110 3483 volventes
