2392 3848
160 165 200 223 32
273 182 315 221 33
338 180 509 223 33333333
531 180 770 224 3333333333
793 179 821 222 3.
844 172 887 224 53.
909 169 1016 224 3133.

158 329 306 388 Romanus
328 328 405 388 domi
419 326 607 404 militiaeque,
631 331 705 388 mari
719 336 805 407 atque
822 335 900 387 terra
920 327 1071 402 praeclara
1089 329 1131 388 13-

159 413 258 471 cinora
272 411 349 479 lecit,
366 411 441 470 lorte
455 409 550 470 lubuit
563 410 729 481 adtendere,
745 429 820 490 qnae
837 427 885 470 res
902 428 1037 470 maxume
1052 417 1132 473 tanta

131 494 272 571 anegotia
286 495 476 554 sustinuisset
496 494 629 554 Sciebam
643 511 853 571 saepenumero
864 510 952 570 parva
964 510 1053 553 manu
1064 511 1131 557 cum

158 577 270 652 magnis
285 574 448 652 legionibus
465 576 594 636 hostium
610 577 804 647 contendisse,
829 591 1022 651 cognoveram
1036 581 1132 653 parvis

158 660 248 736 copiis
267 657 342 718 bella
358 666 438 737 gesta
457 676 523 718 cum
539 658 683 737 opulentis
696 659 828 737 regibus,
846 658 883 718 ad
895 657 952 718 boc
967 676 1053 737 saepe
1069 659 1152 719 lor-s

158 749 246 800 tunae
264 740 428 801 violentiam
448 741 630 810 toleravisse,
654 743 788 803 facundia
805 742 932 802 Graecos
953 741 1044 819 gloria
1063 743 1132 803 belli

130 823 255 888 4Gallos
272 830 338 883 ante
350 823 496 883 Romanos
514 824 612 884 131333.
640 825 682 884 dc
696 825 767 884 milri
784 825 874 891 multa
890 824 1007 900 agitanti
1019 832 1131 887 consta·

157 905 207 966 bat
221 923 382 984 pancorum
397 908 500 966 civium
517 909 664 985 egregiam
684 908 820 967 virtutem
842 914 946 969 cuncta
963 909 1130 986 patravisse,

158 1006 252 1067 eoque
273 988 381 1048 lactum
402 989 445 1048 uti
462 988 572 1049 divitias
593 996 757 1068 paupertas,
776 988 988 1050 multitudinem
1002 992 1132 1066 paucitas

129 1077 318 1148 csnperaret.
362 1070 412 1131 Set
435 1078 589 1150 postquam
611 1070 682 1130 luxu
702 1079 788 1150 atque
810 1071 918 1133 desidia
942 1073 1039 1132 civitas
1061 1090 1168 1134 oon-10

153 1163 241 1234 rupta
257 1162 313 1222 est,
330 1172 432 1215 rursus
445 1172 495 1214 res
508 1152 626 1231 publica
641 1155 841 1232 magnitudine
855 1177 907 1218 sua
921 1159 1132 1235 imperatorum

154 1248 240 1314 atque
261 1236 484 1312 magistratuum
505 1238 573 1298 vitia
600 1237 788 1309 sustentabat,
810 1258 858 1310 ac,
886 1241 972 1301 sicuti
998 1238 1136 1299 31131331

157 1326 320 1397 parentum,
340 1317 438 1377 multis
452 1316 673 1396 tempestatibus
686 1317 757 1377 haut
771 1335 841 1378 sane
854 1317 1006 1397 quisquam
1016 1312 1127 1374 Romae

128 1404 262 1464 33131313
280 1416 403 1478 magnus
417 1400 479 1461 luit.
513 1399 563 1460 Set
579 1400 719 1460 memoria
733 1417 798 1463 mea
816 1399 925 1478 ingenti
945 1398 1061 1466 virtute,
1084 1397 1126 1456 di-

157 1486 249 1544 vorsis
263 1482 395 1544 moribus
409 1483 492 1544 inere
512 1482 650 1550 31311133,
669 1483 706 1542 M.
723 1481 792 1542 Cato
811 1489 839 1541 31
855 1483 888 1542 G.
906 1478 1020 1539 Caesar.
1050 1480 1129 1550 Quos
1138 1501 1162 1542 15

157 1567 293 1644 quoniam
304 1584 353 1627 res
365 1565 518 1634 obtulerat,
535 1565 649 1625 silentio
659 1566 818 1642 praeterire
832 1562 954 1623 nonfuit
967 1563 1128 1630 3333111331,

157 1652 226 1728 3313
241 1651 393 1726 utriusque
408 1656 542 1709 naturam
557 1654 585 1708 et
598 1665 705 1718 mores,
717 1653 857 1726 quantum
872 1644 988 1723 ingenio
1003 1661 1128 1721 possem,

158 1749 311 1809 apernem.
878 1745 880 1749 ⁴

109 1813 148 1871 bd
240 1813 332 1891 Igitur
348 1814 388 1873 eis
405 1829 496 1890 genus
512 1820 590 1873 aetas
609 1812 772 1890 eloquentia
786 1830 878 1891 prope
894 1810 1023 1890 aequalia
1038 1810 1129 1878 luere,

131 1896 325 1974 amagnitudo
341 1897 428 1956 animi
443 1913 506 1975 par,
529 1898 598 1956 item
619 1894 719 1974 gloria,
742 1902 785 1955 set
804 1894 859 1956 alia
874 1895 930 1955 alii.
961 1893 1066 1954 Caesar
1080 1893 1165 1956 13333

157 1980 259 2040 31113113
275 1996 310 2039 33
324 1978 519 2040 munificentia
540 1997 664 2056 magnus
684 1978 861 2046 habebatur,
881 1978 1045 2053 integritate
1058 1977 1132 2035 vitae

158 2063 236 2122 Cato.
258 2061 309 2121 llle
322 2062 543 2122 mansuetudine
561 2072 590 2121 et
610 2059 807 2120 misericordia
824 2059 920 2119 clarus
934 2060 1042 2126 lactus,
1063 2058 1132 2119 huic

131 2145 295 2204 asereritas
317 2145 484 2220 dignitatem
505 2142 663 2203 addiderat.
715 2142 820 2202 Caesar
838 2142 933 2202 dando
953 2140 1131 2201 sublevando

156 2224 352 2305 ignoscundo,
372 2224 441 2284 Cato
459 2225 530 2284 nihil
546 2223 699 2302 largiundo
718 2225 840 2303 gloriam
857 2225 979 2303 adeptus
1001 2232 1053 2284 est.
1098 2222 1130 2283 ln

157 2310 248 2372 altero
259 2309 373 2370 miseris
384 2308 549 2387 perfugium
561 2314 632 2378 erat,
647 2311 677 2369 in
688 2310 779 2370 altero
790 2307 873 2368 malis
887 2309 1042 2386 pernities:
1054 2306 1163 2367 illiusas

129 2391 290 2460 sterilitas,
313 2393 400 2454 huius
422 2393 581 2453 constantia
594 2391 775 2454 laudabatur.
806 2391 957 2453 Postremo
975 2391 1080 2453 Caesar
1101 2391 1131 2449 in

157 2476 285 2535 animum
300 2476 454 2537 induxerat
468 2474 603 2537 laborare
618 2476 751 2555 vigilare,
774 2477 896 2554 negotiis
913 2478 1073 2537 amicorum
1087 2475 1130 2533 13-

157 2564 254 2617 133133
274 2575 327 2617 333
348 2557 520 2636 neglegere,
545 2559 616 2619 nihil
642 2560 787 2636 denegare
809 2559 887 2634 qnod
907 2560 984 2618 dono
1010 2558 1129 2633 dignum

158 2646 248 2699 esset:
273 2638 329 2698 sibi
348 2657 486 2716 magnum
501 2643 672 2718 imperium,
695 2641 869 2707 exercitum,
895 2640 1004 2700 bellum
1026 2656 1131 2698 novom

133 2720 329 2800 peroptabat,
353 2722 404 2782 ubi
416 2723 507 2782 virtus
521 2724 681 2783 enitescere
695 2727 802 2801 posset.
838 2723 874 2781 nt
889 2720 990 2782 Catoni
1005 2722 1132 2782 studium
1142 2743 1167 2784 33

157 2804 326 2876 modestiae,
343 2806 466 2874 decoris,
485 2811 529 2864 set
544 2824 678 2867 maxume
693 2805 851 2866 severitatis
868 2816 944 2865 erat:
960 2824 1019 2867 333
1031 2807 1134 2867 divitiis

159 2905 225 2946 cum
247 2887 333 2948 divite
354 2905 451 2965 33333
473 2889 597 2948 13311333
620 2907 686 2949 curn
708 2889 837 2957 factioso,
860 2896 905 2949 set
927 2907 993 2948 cum
1013 2897 1133 2949 strenuo

160 2970 272 3038 virtute,
285 2988 351 3031 cum
364 2970 495 3031 modesto
507 2970 628 3048 pudore,
641 2989 707 3032 cum
718 2973 872 3030 innocente
883 2970 1053 3033 abstinentia
1070 2991 1132 3032 cer·

159 3051 253 3113 tabat:
274 3071 337 3114 esse
356 3071 444 3133 quam
458 3054 548 3114 videri
561 3053 656 3114 bonus
671 3052 810 3114 malebat:
827 3055 881 3123 ita,
897 3072 955 3132 quo
970 3056 1066 3116 minus
1081 3073 1133 3132 pe·

160 3134 239 3196 tebat
260 3135 395 3214 gloriam,
419 3156 453 3198 eo
468 3138 561 3214 magis
578 3137 625 3198 1113
645 3136 829 3216 sequebatur.
1142 3159 1168 3201 as

112 3222 150 3282 55
244 3219 414 3300 Postquam,
437 3228 471 3281 ut
486 3221 561 3289 dixi,
585 3228 700 3282 senatus
715 3223 744 3281 13
760 3219 875 3282 Catonis
889 3222 1059 3282 sententiam
1075 3220 1132 3281 dis·

162 3303 255 3371 cessit,
276 3303 387 3374 consul,
411 3310 563 3382 optumum
581 3305 658 3365 lactu
676 3311 756 3365 ratus
776 3311 892 3365 noctem
916 3322 990 3383 quae
1010 3303 1134 3365 instabat

162 3391 335 3463 antecapere
358 3405 395 3447 ne
415 3388 483 3466 quid
506 3405 540 3448 eo
554 3389 645 3464 spatio
659 3394 830 3450 novaretur,
853 3389 989 3447 tresviros
1005 3407 1079 3467 quae
1096 3388 1133 3449 ad
