2392 3848
121 182 164 242 46
361 199 404 240 oe
425 198 527 240 eunuc
548 198 749 242 mornrmno
772 198 799 240 o.
822 194 864 243 14.

122 349 201 415 stitit,
218 348 261 407 uti
277 348 307 407 in
322 347 457 407 omnibus
473 346 556 408 bellis
571 345 687 406 adesset
699 346 799 406 robis:
815 363 869 406 nos
883 346 925 406 uti
942 360 996 424 per
1014 340 1108 407 otium

123 432 177 490 tuti
199 432 298 499 simus,
321 433 350 490 in
371 436 468 490 rostra
486 446 576 492 manu
597 435 650 497 est,
668 434 768 507 patres
786 429 951 507 conscripti.

83 522 115 573 14
208 513 294 575 Pater
308 530 362 572 uos
373 512 447 572 duos
462 512 569 573 iratres
582 511 712 590 reliquit,
732 513 852 574 tertium
867 510 1040 589 Iugurtham
1054 510 1109 574 be·

124 597 227 656 niliciis
244 597 304 656 suis
318 602 400 656 ratus
420 603 464 657 est
482 597 670 656 coniunctum
687 594 774 655 nobis
793 595 866 657 iore.
903 593 984 656 Alter
1003 612 1110 657 corum

83 687 116 738 15
125 686 245 739 necatus
262 687 314 749 est,
330 678 451 740 alterius
468 681 533 757 ipse
548 695 603 756 ego
619 695 725 738 manus
738 679 833 759 inpias
847 680 895 739 vix
909 678 1007 756 effugi
1030 675 1133 748 Quids

126 762 229 838 agam?
245 770 295 823 aut
312 780 369 842 que
381 765 574 846 potissumum
588 760 688 823 infelix
702 762 862 824 adcedaml
882 761 1006 822 Generis
1020 778 1109 840 prae-

126 845 197 906 sidia
217 848 314 908 omnia
334 854 460 908 extructa
483 854 565 907 sunt:
587 851 681 924 pater,
696 850 740 907 uti
760 863 881 907 neccsse
895 851 967 913 eret,
983 851 1110 907 naturae

127 932 286 991 concessit:
302 931 400 997 fratri,
420 948 507 1008 quem
526 930 656 989 minume
672 929 782 998 decuit,
804 929 964 1009 propincus
975 946 1030 1006 per
1043 945 1108 989 sce·

126 1011 172 1072 lus
190 1013 276 1072 vitam
293 1014 412 1088 eripuit:
436 1012 539 1072 adfinis
564 1012 673 1071 amieos
697 1013 879 1090 propinquos
897 1017 1011 1073 ceteros
1025 1028 1109 1072 meos

127 1094 215 1154 alium
229 1094 283 1155 alia
306 1094 403 1155 clades
418 1094 578 1172 obpressit:
599 1094 675 1170 capti
696 1094 733 1154 ab
748 1094 890 1171 Iugurtha
904 1113 974 1174 pars
987 1095 1018 1156 in
1039 1112 1110 1155 cru·
1119 1112 1145 1156 ta

128 1195 192 1237 cem
214 1179 286 1246 acti,
306 1194 375 1256 pars
395 1177 496 1238 bestiis
517 1176 623 1238 obiecti
636 1184 716 1254 sunt,
747 1179 849 1255 pauci,
873 1177 980 1258 quibus
1007 1177 1111 1239 relicta

128 1273 172 1324 est
193 1265 303 1330 anima,
326 1260 418 1323 clausi
440 1260 628 1330 intenebris,
645 1278 713 1321 cum
727 1279 863 1323 maerore
879 1267 908 1322 et
920 1260 1002 1322 luctu
1013 1267 1111 1322 morte

127 1343 292 1418 graviorem
308 1345 396 1403 vitam
417 1345 545 1421 exigunt.

87 1431 120 1482 16
216 1427 247 1488 Si
268 1428 379 1497 omnia,
401 1445 476 1508 quac
498 1435 548 1489 aut
569 1429 652 1488 amisi
671 1435 722 1488 aut
742 1446 778 1488 ex
798 1429 970 1489 necessariis
986 1427 1108 1489 adverso

129 1511 205 1571 iacta
220 1518 303 1581 sunt,
315 1510 471 1572 incolumia
486 1519 648 1581 manerent,
659 1517 772 1579 mmcn,
785 1512 810 1570 si
826 1511 895 1589 quid
910 1529 946 1572 ex
961 1511 1109 1591 inproviso
1120 1530 1146 1573 rs

129 1594 196 1655 mali
218 1595 386 1663 accidisset,
408 1612 460 1656 ves
478 1592 666 1672 inplorarem,
688 1599 788 1670 patres
809 1595 980 1673 conscripti,
1003 1593 1111 1673 quibus

128 1694 183 1753 pro
203 1677 518 1754 magnitudiueImperi
527 1678 573 1736 ius
589 1683 618 1738 et
631 1677 750 1737 iniurias
765 1678 859 1737 omnis
874 1695 963 1738 curae
979 1695 1043 1739 esse
1059 1678 1111 1738 de·

88 1772 120 1822 17
130 1765 185 1819 cet.
223 1759 309 1819 Nunc
322 1776 394 1819 vero
408 1759 475 1820 exul
490 1760 583 1837 patria
600 1759 697 1830 domo,
713 1759 792 1821 solus
809 1766 897 1841 atque
912 1763 1042 1822 omnium
1056 1761 1111 1821 bo·

128 1848 279 1903 nestarum
293 1860 394 1903 rerum
416 1860 521 1921 egens,
543 1861 602 1922 quo
619 1844 759 1906 adcedam
796 1852 847 1906 aut
860 1862 934 1924 quos
947 1844 1111 1923 adpelleml

129 1926 300 1987 nationesne
331 1944 368 1988 an
393 1945 496 2006 reges,
519 1929 569 2007 qui
590 1946 692 1990 omnes
712 1927 838 1989 famniae
858 1934 977 1988 nostrae
999 1928 1036 1988 ob
1059 1946 1148 1993 vom

130 2018 221 2071 stram
235 2012 390 2072 amicitiam
403 2013 501 2074 inlesti
514 2013 600 2072 suntl
624 2013 670 2072 An
685 2028 832 2088 quoquam
848 2009 919 2068 mibi
933 2009 1014 2068 edire
1031 2009 1108 2079 licet,

129 2092 181 2153 ubi
191 2110 251 2152 nou
263 2096 408 2155 maiorum
418 2112 552 2155 meorum
563 2093 678 2153 hostilia
691 2097 880 2151 monumenta
893 2088 1030 2168 pluruma
1041 2093 1108 2161 sint,

131 2180 180 2234 aut
202 2175 355 2251 quisquam
375 2177 469 2235 nostri
486 2174 620 2234 misereri
641 2179 751 2250 potest,
779 2174 829 2251 qui
850 2172 1004 2252 aliquando
1027 2173 1110 2234 vobis

130 2256 222 2315 bostis
244 2254 316 2316 luit?

38 2370 41 2377 ·
89 2347 121 2399 18
214 2339 367 2400 Postremo
381 2338 532 2401 Masinissa
550 2357 605 2400 nos
622 2340 661 2401 ita
678 2340 814 2411 instituit,
829 2347 927 2420 patres
942 2340 1108 2418 conscripti,
1118 2363 1143 2403 as

131 2441 271 2502 nequem
293 2423 456 2484 coleremus
477 2425 533 2485 nisi
551 2423 694 2503 populum
706 2424 881 2496 Romanum,
903 2443 941 2488 ne
958 2426 1110 2486 societates

130 2526 189 2568 neu
200 2506 321 2567 loedere
331 2523 408 2567 nova
416 2508 629 2586 acciperemus,
646 2507 763 2570 abunde
778 2525 884 2586 magna
899 2508 1042 2584 praesidia
1057 2525 1109 2567 no-

131 2590 176 2651 bis
195 2590 225 2648 in
240 2595 336 2649 rostra
358 2590 483 2650 amicitia
497 2591 575 2651 iore:
595 2593 620 2650 si
634 2592 705 2650 huic
713 2590 838 2666 imperio
848 2591 966 2650 fortuna
981 2597 1109 2650 mutare·

91 2684 125 2736 19
132 2680 193 2741 tur,
209 2689 269 2733 uua
284 2672 477 2734 occidundum
487 2672 572 2733 nobis
586 2689 658 2734 esse.
692 2671 805 2732 Virtute
821 2690 855 2732 ac
871 2671 933 2732 deis
946 2671 1110 2733 volentibus

131 2758 229 2833 magni
245 2757 313 2818 estis
328 2763 357 2818 et
372 2757 515 2837 opulenti,
531 2757 628 2817 omnia
638 2755 765 2817 secunda
783 2763 812 2817 et
826 2755 1010 2817 oboedientia
1024 2762 1109 2817 sunt:
1120 2781 1145 2823 ³·

132 2858 190 2918 quo
210 2839 323 2900 facilius
344 2842 491 2900 sociorum
512 2841 632 2901 iniurias
650 2856 756 2900 curare
775 2838 852 2921 licet

90 2935 124 2987 20
217 2921 343 2982 Tantum
360 2921 432 2982 illud
449 2940 568 2992 vereor,
593 2940 631 2982 ne
647 2939 721 3002 quos
737 2922 848 2999 privata
868 2924 993 2984 amicitia
1006 2922 1111 3000 Iugur·

132 3005 199 3066 tbae
219 3021 324 3082 parum
347 3006 462 3084 cognita
476 3012 659 3067 transvorsos
680 3011 764 3082 agat,
788 3022 861 3085 quos
875 3022 931 3083 ego
946 3008 1032 3068 audio
1049 3025 1097 3067 ma

132 3105 220 3150 ruma
242 3105 298 3169 epe
319 3090 388 3160 niti,
411 3089 523 3152 ambire
544 3090 667 3167 fatigare
683 3106 735 3149 vos
755 3089 900 3167 singulos,
922 3109 961 3152 ne
983 3090 1053 3170 quid
1075 3091 1112 3149 de

133 3173 253 3235 absente
267 3173 413 3250 incognita
435 3190 523 3236 eausa
544 3175 692 3236 statuatis:
719 3172 831 3251 tingere
846 3173 998 3235 menerba
1015 3181 1044 3233 et
1064 3172 1109 3232 iu·
1122 3198 1145 3240 e

92 3255 362 3335 ermesindam,
385 3259 433 3318 eui
450 3257 566 3319 licuerit
581 3260 713 3334 inregno
730 3274 859 3318 manere.
893 3254 978 3326 Quod
1000 3257 1112 3316 utInem

134 3340 231 3410 illum,
252 3341 356 3420 quoius
368 3340 447 3418 inpio
463 3339 593 3402 facinore
612 3341 642 3399 in
657 3341 710 3399 bas
724 3340 856 3401 miserias
870 3341 1019 3417 proiectus
1037 3358 1112 3408 sum,

134 3423 237 3485 cadem
254 3424 327 3485 haec
341 3422 526 3486 simulantem
542 3424 664 3492 rideam,
687 3429 716 3484 et
730 3422 885 3503 aliquando
903 3429 953 3483 aut
970 3424 1048 3502 apud
1064 3441 1114 3483 vos
