2392 3848
107 159 148 217 52
281 179 323 218 nn
344 177 446 220 sunno
468 178 668 222 xvuvsrmsro
692 178 720 219 c.
740 170 784 221 tt.
806 169 849 224 23.
872 169 906 221 nt

87 326 234 385 tarrimum
255 343 342 387 suum
355 327 491 387 iniuriam
513 327 610 386 minus
631 325 773 387 tolerare:
795 326 992 389 Adherbalem
1012 327 1090 392 dolis
1138 336 1139 344 ’

105 410 180 469 ritae
200 426 272 469 suae
292 408 473 469 insidiatum:
501 408 580 487 quod
601 408 651 471 ubi
673 411 867 487 oooperisset,
895 408 1002 471 sceleri
1020 413 1089 477 eius

104 492 219 552 obviarn
240 494 312 553 isse:
341 490 484 569 populum
504 490 670 555 Romanum
690 510 787 571 neque
807 499 889 553 reete
910 510 1009 573 neque
1023 512 1088 573 pro
1138 513 1139 576 t

103 576 182 635 hono
194 575 350 645 iacturum,
368 576 392 635 si
403 574 440 635 ab
449 576 514 636 iure
528 576 657 653 getulium
670 592 735 637 sese
749 574 948 652 prohibuerit:
970 582 1088 653 pome-
1138 577 1139 656 l

103 676 152 717 ruo
167 659 204 719 de
225 659 361 719 omnibus
375 658 466 721 rebus
482 658 593 736 legatos
610 658 733 719 llomam
747 658 829 721 brevi
843 659 1021 723 missuum:
1037 660 1111 727 tur
1138 670 1139 737 l

76 744 220 822 ostrique
234 742 446 820 digrediuntur.
472 741 644 805 Adherbalis
658 741 821 820 adpellandi
836 744 919 821 eopia
939 760 1000 807 nou
1020 744 1087 807 luit.
1138 746 1139 829 l

55 822 95 885 23
188 826 329 903 Iugurtha
355 827 408 887 ubi
430 846 482 888 eos
509 827 606 887 lirina
631 827 790 889 decessisse
817 833 899 887 ratus
923 834 968 889 ost
984 844 1088 909 neem
1138 831 1139 875 t

104 918 225 987 propter
240 910 297 970 loci
315 918 450 970 staturam
465 909 573 970 Cirtam
586 911 675 969 armis
692 927 862 988 expugnare
875 916 986 989 potest,
1009 909 1087 975 vallo
1138 901 1139 935 ¹

103 1000 191 1069 atque
206 992 285 1052 iesse
299 994 414 1054 moenia
431 993 606 1062 circumdat,
623 994 712 1053 turris
726 994 833 1053 extruit
850 1011 958 1073 easque
972 998 1087 1071 praesi-
1138 1011 1139 1020 ¹

103 1075 157 1133 diis
174 1076 280 1144 mmet,
304 1082 456 1153 praeterea
470 1076 533 1136 dies
545 1077 697 1154 noot'nque
717 1081 768 1137 aut
786 1094 840 1155 per
862 1078 920 1139 rim
940 1083 991 1140 aut
1004 1076 1139 1141 dolistoss

103 1166 261 1235 temptare,
284 1158 488 1220 defensoribus
506 1161 656 1220 moenium
671 1160 801 1237 proemia
817 1160 905 1221 modo
921 1161 1087 1225 modoior-
1138 1158 1139 1183 ¹

103 1240 242 1301 midinem
265 1250 427 1314 ostentare,
456 1261 526 1305 suos
552 1244 697 1305 hortando
711 1244 756 1305 ad
776 1244 914 1306 virtutem
935 1244 1086 1322 mirigere,
1138 1286 1139 1297 ,

79 1336 227 1401 sprorsus
255 1327 384 1388 intentus
410 1335 516 1390 cuneta
544 1345 658 1407 parare.
700 1326 849 1389 emerint
870 1326 921 1390 ubi
945 1326 1089 1407 intellegit
1138 1330 1139 1379 l

103 1410 197 1469 omnis
223 1428 292 1471 suas
314 1413 445 1473 fortunas
468 1413 499 1472 in
520 1419 651 1473 extremo
679 1412 762 1480 sitas,
793 1411 908 1473 hostem
924 1410 1085 1483 inhstum,
1138 1439 1139 1486 ,

103 1493 191 1553 auxili
209 1512 293 1573 spem
306 1494 431 1564 nullam,
453 1496 594 1573 paenmia
609 1511 710 1555 rerum
726 1495 960 1556 necessariarum
974 1494 1121 1559 &domu
1138 1489 1139 1576 ξ

104 1576 179 1637 trahi
198 1596 260 1637 non
274 1596 374 1655 posse,
398 1596 434 1637 ex
450 1580 500 1646 eis,
519 1579 570 1656 qrri
586 1594 645 1637 una
661 1575 770 1637 Cirtam
783 1577 1087 1655 profugerunt-duos
1138 1593 1139 1653 ᾗ

102 1677 239 1719 maxume
260 1662 392 1737 inpigros
413 1659 534 1736 delegit:
561 1678 612 1721 eos
635 1658 727 1720 multa
750 1658 916 1738 pollicendo
942 1680 977 1723 ae
996 1662 1085 1724 mise·
1138 1715 1139 1724 ,

103 1741 195 1802 raudo
217 1760 317 1803 comm
338 1760 424 1804 suum
441 1744 603 1815 confirmat,
625 1745 669 1805 uti
682 1761 736 1822 per
755 1744 883 1805 hostium
906 1746 1085 1807 munitiones
1138 1760 1139 1816 j

52 1821 91 1883 24
103 1831 191 1886 noctu
203 1826 239 1887 ad
254 1843 432 1905 proxumum
446 1845 537 1898 mare,
554 1829 621 1890 dein
640 1827 764 1889 Βοωαιι
777 1835 945 1907 pergerent
981 1828 1084 1891 Nimi-

103 1908 156 1970 dae
178 1911 279 1989 paucis
298 1911 401 1973 diebus
420 1914 498 1974 iussa
520 1913 663 1974 efficiunt:
678 1911 791 1973 litterae
809 1910 983 1973 Adherbalis
994 1913 1121 1979 inse-so

103 2001 171 2055 natu
187 1995 335 2064 recitatae,
359 2014 485 2075 quarum
498 1999 641 2057 sententis
658 1995 732 2056 hooc
751 1996 818 2055 init:

77 2089 93 2136 2
187 2077 261 2136 ‘Non
276 2096 341 2139 mea
353 2079 438 2157 erdpa
449 2080 584 2157 saepead
597 2096 649 2139 ros
662 2084 779 2140 oretum
793 2080 886 2148 mitto,
897 2085 995 2156 petros
1012 2096 1084 2139 oon·

103 2160 212 2236 scripti,
229 2167 273 2221 set
286 2162 329 2220 ris
350 2160 509 2238 iugurthae
526 2162 648 2240 subigit,
668 2180 756 2241 quem
771 2168 852 2223 tanta
859 2161 964 2224 lubido
989 2163 1083 2222 extin-

103 2243 210 2322 guendi
232 2262 279 2306 me
300 2246 412 2316 invasit,
435 2252 468 2305 ut
487 2264 584 2325 neque
606 2264 657 2306 ros
677 2264 774 2326 neque
793 2246 865 2307 deos
877 2244 1038 2307 inmortalis
1051 2246 1083 2305 in

75 2329 199 2389 sonimo
214 2328 331 2400 hebeat,
346 2332 519 2408 sanguinem
533 2349 632 2392 meum
648 2348 735 2410 pram
752 2329 951 2391 omniamalit.
980 2328 1102 2406 linques

102 2412 1084 2574 reuerterunt-,uthinensis

102 2594 198 2653 neque
220 2584 316 2637 vostra
334 2578 451 2637 decreta
465 2578 656 2637 auxiliantur:
671 2577 752 2635 torro
770 2574 905 2634 aninmo
918 2577 1017 2635 uerius
1031 2594 1081 2633 ur-

75 2670 193 2736 eguear
208 2661 339 2722 incertus
354 2677 428 2720 sum.
453 2658 543 2719 Plura
559 2658 596 2719 de
609 2656 750 2733 Iugurtha
764 2655 896 2717 seribere
910 2655 1080 2717 dehortatur

101 2761 149 2802 me
170 2744 288 2805 fortuna
309 2762 390 2805 ntra:
413 2750 443 2805 et
462 2744 520 2804 inm
541 2748 626 2803 antea
647 2747 786 2818 expertus
807 2757 873 2801 sum
888 2758 993 2819 parunt
1014 2739 1072 2800 fide

75 2827 215 2884 sumeris
236 2844 310 2887 osse.
351 2827 413 2887 Nisi
432 2833 530 2886 tamen
551 2823 687 2902 intellego
704 2822 786 2885 illum
806 2841 896 2902 supra
918 2842 1005 2902 quam
1026 2841 1068 2901 eg

101 2907 493 2988 sumpetnre,uequesimul
503 2909 973 2984 amicitiamvostrometregnum
981 2925 1063 2969 meur

101 3008 232 3068 sperare.
274 2992 380 3054 Utrum
398 2992 515 3071 gravius
536 2993 705 3060 existumet,
726 2990 835 3051 nemini
857 2990 1005 3053 occultum
1027 3008 1057 3051 es

76 3074 177 3136 ollam
187 3074 269 3136 initio
280 3076 387 3137 oceidit
397 3074 603 3153 hiempsalem,
615 3075 737 3135 tratrem
748 3092 856 3145 meum,
871 3075 977 3137 deinde
986 3080 1051 3151 patr

101 3177 195 3238 regno
206 3176 254 3220 me
265 3159 390 3238 expulit:
402 3178 477 3239 quae
488 3177 559 3221 sano
569 3160 679 3220 inerint
689 3165 807 3219 nomme
818 3159 951 3227 iniuriae,
962 3156 1034 3217 nihil

76 3257 162 3304 avos.
195 3241 304 3304 Verum
320 3261 401 3305 nuno
415 3248 546 3304 rostrum
561 3260 688 3321 regnum
701 3244 790 3302 armis
806 3246 898 3310 tenet,
914 3257 977 3308 me,
994 3258 1039 3318 qu·

101 3345 153 3387 vos
166 3329 375 3405 imperatorem
384 3325 516 3389 Numidis
529 3326 675 3405 posuistis,
698 3324 829 3386 clausum
852 3322 979 3383 obsidet:
1002 3322 1033 3384 le

73 3418 200 3472 storum
222 3411 311 3472 verba
333 3412 434 3490 quanti
455 3411 557 3471 iecerit
576 3406 707 3488 pericula
726 3426 791 3469 mea
814 3405 971 3467 declarant.
1006 3407 1029 3477 0
