2392 3848
140 176 158 235 2
280 197 321 236 na
347 195 520 238 ommium:
544 195 793 239 commanemus.
816 197 843 238 c.
866 191 892 240 2.
914 191 939 242 3.
959 193 986 242 4.

140 361 188 404 res
202 343 347 404 humanae
362 343 519 413 baberent,
539 362 635 423 neque
650 344 727 405 aliud
743 344 798 404 alio
815 343 886 406 ierri
900 361 996 426 neque
1012 349 1119 407 mutari

114 445 175 491 nac
188 427 307 486 misceri
321 429 416 487 onmia
432 445 579 488 cerneres.
599 423 671 486 Nam
680 427 836 505 imperium
853 429 937 489 iacile
954 431 995 490 cis
1006 429 1119 490 artibus

115 511 291 579 aretinetun
315 510 421 588 quibus
436 510 516 570 initio
538 518 654 589 partum
678 519 729 574 ost.
752 512 862 572 Verum
877 512 927 572 ubi
942 530 997 590 pro
1017 512 1119 573 laboro

143 594 267 661 desidia,
291 611 346 671 pro
363 595 539 654 continentia
556 601 584 655 et
599 597 743 673 aequitate
761 594 861 655 lubido
879 592 965 674 atquo
982 595 1118 673 superbia
1177 609 1180 613 ’

115 678 288 746 oinvasere,
324 676 440 737 fortuna
472 677 558 738 simul
591 696 659 738 cum
690 677 821 738 moribus
849 678 1019 738 inmutetur.
1077 679 1142 741 ltas

87 837 94 844 ¹
140 762 298 839 imperium
313 777 430 838 sempor
458 761 495 820 ad
523 768 675 840 optumum
701 779 846 840 quemque
873 780 889 821 a
915 763 1012 822 minus
1041 761 1119 821 bono

138 842 325 903 transfertur.

114 941 130 988 7
225 927 306 997 Quae
328 928 461 987 homines
476 936 560 988 arant
575 929 711 1004 navigant
727 927 889 995 aedificant,
911 929 1009 987 uirtuti
1024 930 1120 987 omniu

115 1016 254 1088 sperent.
295 1009 346 1069 Set
363 1010 446 1070 multi
460 1010 703 1085 mor·tales‚de‹liti
717 1010 812 1069 ventri
830 1015 917 1087 atque
934 1026 1052 1077 somno,
1076 1012 1120 1068 in-

140 1093 217 1153 docti
232 1091 390 1170 incultique
405 1094 492 1152 vitam
512 1094 598 1153 sicuti
609 1094 831 1170 peregrinantes
842 1093 997 1152 transiere:
1015 1092 1120 1171 quibus
1131 1113 1155 1154 ro

139 1176 272 1254 prolecto
290 1183 391 1235 contra
406 1182 540 1235 naturam
553 1193 661 1253 corpus
674 1175 827 1253 uoluptati,
845 1176 940 1236 anima
957 1177 1040 1235 oneri
1056 1176 1118 1236 luit.

140 1260 250 1319 Eorum
270 1274 324 1335 ogo
345 1260 430 1319 uitam
451 1267 634 1339 mortemque
656 1261 734 1319 iuxta
756 1266 897 1327 aestumo,
922 1259 1059 1339 quoniam
1085 1259 1120 1319 ‹le

115 1350 266 1420 antraque
286 1341 396 1402 siletur.
441 1341 550 1403 Verum
573 1345 720 1403 enimvero
741 1344 765 1402 is
788 1343 907 1404 demum
928 1342 1000 1403 mihi
1021 1343 1118 1403 vivero

141 1432 228 1505 atque
246 1424 304 1485 lrui
319 1427 415 1486 anima
430 1427 560 1495 videtur,
578 1428 629 1506 qui
646 1426 742 1504 aliquo
757 1427 875 1502 negotio
892 1427 1021 1487 intentus
1035 1443 1121 1504 prae·

141 1509 212 1569 olari
226 1508 363 1569 iocinoris
378 1516 429 1570 aut
443 1511 513 1570 artis
527 1510 623 1570 honae
638 1509 744 1570 lamam
760 1510 882 1586 quaerit.
905 1508 955 1569 Set
968 1511 998 1568 in
1015 1524 1120 1584 magna
1131 1533 1155 1573 is

141 1593 223 1671 copia
242 1610 344 1652 rerum
362 1592 441 1653 aliud
463 1592 510 1654 alii
530 1600 635 1654 natura
660 1595 715 1652 iter
737 1592 870 1651 ostendit.

111 1673 128 1733 3
226 1674 367 1735 Pulcrum
385 1685 429 1736 est
448 1676 637 1738 benefacere
656 1676 701 1736 rei
718 1673 867 1752 publicae,
886 1677 971 1736 etiam
987 1675 1063 1736 bene
1079 1675 1121 1736 ‹n-

142 1776 210 1819 oere
230 1757 302 1819 haut
323 1757 484 1820 absmdum
508 1766 565 1821 ost:
595 1758 640 1819 vel
661 1776 734 1837 paee
757 1757 802 1819 vel
823 1757 900 1819 bello
924 1757 1037 1819 clarum
1058 1758 1122 1819 fieri

140 1841 222 1903 licet:
238 1848 267 1902 et
284 1842 334 1921 qui
351 1842 448 1904 iecere
464 1850 493 1904 et
507 1844 557 1922 qui
571 1842 645 1904 lacta
663 1841 787 1902 aliorum
801 1843 946 1920 scripsere
960 1840 1044 1903 multi
1060 1841 1121 1902 lau·

117 1926 260 1987 edantur.
294 1925 336 1985 Ao
353 1926 425 1987 milri
440 1928 572 2005 quidem,
589 1927 702 1987 tametsi
715 1925 933 2004 hautquaquam
954 1943 1008 2002 par
1030 1924 1156 1999 glorian

141 2011 274 2088 sequitur
286 2011 461 2087 scriptorem
477 2019 505 2072 et
519 2017 649 2070 actorem
663 2026 778 2076 rerum,
800 2014 897 2069 tamen
915 2009 944 2066 in
959 2009 1060 2084 primis
1075 2025 1122 2067 ar·

143 2095 234 2153 duum
249 2093 363 2152 ridetur
383 2111 432 2154 res
452 2099 548 2169 gestas
562 2092 707 2168 scribere,
729 2092 856 2167 primum
875 2090 954 2170 quod
972 2089 1047 2150 lacta
1062 2091 1122 2152 dic·

143 2178 178 2235 tis
200 2176 389 2254 exaequanda
407 2182 491 2245 sunt,
513 2175 618 2236 dehinc
631 2176 698 2253 quia
713 2173 845 2252 plerique
863 2191 938 2253 quae
957 2172 1061 2234 delicta
1076 2192 1122 2234 re·

143 2257 335 2337 prehenderis
362 2256 555 2319 malivolentia
584 2265 612 2319 et
636 2258 740 2318 invidia
764 2256 839 2316 (licta
860 2262 978 2335 putant,
1007 2256 1058 2317 ubi
1086 2258 1122 2318 de

143 2358 250 2419 magna
272 2342 378 2403 virtute
397 2348 484 2421 atque
508 2341 600 2419 gloria
621 2340 767 2401 bonorum
786 2358 949 2410 memores,
971 2358 1046 2419 quae
1068 2340 1158 2410 sibim

143 2427 266 2506 quisquo
288 2425 382 2486 facilia
404 2424 482 2486 lactu
503 2432 587 2504 putat
604 2443 698 2505 aequo
720 2424 816 2484 animo
839 2425 952 2502 accipit,
976 2441 1066 2503 supra
1089 2443 1123 2486 ea

137 2509 231 2569 ¹veluti
252 2510 320 2570 sicta
341 2527 395 2587 pro
415 2509 493 2570 salsis
515 2511 603 2570 ducit.

113 2608 133 2657 '3
230 2592 280 2651 Set
301 2607 355 2667 ego
374 2591 610 2653 adulescentulus
626 2592 707 2650 initio
726 2591 811 2649 sicuti
825 2589 958 2668 plerique
974 2590 1069 2651 studio
1087 2590 1124 2650 acl

143 2694 207 2736 rem
223 2673 371 2752 publicam
385 2675 461 2735 latus
481 2691 562 2743 sum,
586 2673 684 2751 ibique
700 2671 771 2732 mihi
785 2672 875 2732 multa
890 2672 1013 2732 advorsa
1029 2672 1121 2733 luere.

142 2759 216 2821 Nam
230 2777 285 2836 pro
303 2759 425 2836 pudore,
441 2774 496 2836 pro
511 2756 698 2825 abstinentia,
716 2773 771 2832 pro
787 2756 893 2816 virtute
912 2756 1048 2824 audacia,
1065 2755 1158 2826 lar-00

118 2844 222 2920 cgitio,
239 2843 356 2902 avaritia
373 2841 517 2917 rigebant.
549 2841 630 2912 Quae
645 2839 758 2900 tametsi
772 2838 886 2899 animus
900 2839 1113 2917 aspernabatur

144 2925 273 2986 insolens
289 2924 433 2984 malarum
451 2926 572 2993 artium,
588 2930 685 2983 tamen
707 2925 783 2982 inter
804 2928 881 2982 tanta
901 2924 967 2981 vitia
990 2921 1124 2983 inbecilla

120 3015 226 3076 saetas
249 3007 405 3069 ambitione
423 3014 566 3086 conrupta
581 3005 750 3068 tenebatur:
773 3023 807 3066 ao
827 3023 888 3074 me,
912 3024 979 3066 oum
1001 3005 1037 3066 ab
1056 3005 1124 3065 reli-

145 3110 267 3154 cuorum
291 3091 374 3151 malis
396 3092 528 3152 moribus
551 3091 749 3156 dissentirem,
772 3089 861 3149 nihilo
884 3092 981 3151 minus
1000 3089 1123 3149 honoris

145 3175 251 3254 cupido
264 3176 365 3236 eadem
381 3178 541 3250 eodemque
554 3193 628 3254 quae
638 3184 751 3235 ceteros
768 3173 843 3232 lama
857 3181 944 3252 atque
958 3172 1064 3233 invidia
1075 3189 1124 3232 re·
1135 3203 1159 3245 3,

113 3261 240 3320 lxabat..
276 3259 368 3335 igitur
382 3259 433 3320 ubi
450 3261 563 3319 animus
578 3277 614 3319 ex
632 3257 730 3317 multis
745 3257 869 3317 miseriis
884 3262 971 3335 atque
986 3253 1125 3332 periculis

145 3343 288 3421 requierit
306 3344 420 3404 etmihi
441 3342 582 3403 relicuam
597 3350 720 3403 aetatem
736 3359 752 3400 a
771 3338 936 3417 republica
951 3337 1056 3416 procul
1073 3337 1125 3398 ba·

144 3425 272 3486 bendam
290 3427 420 3497 decrevi,
444 3443 502 3486 non
523 3425 576 3486 luit
591 3424 742 3486 consilium
759 3422 891 3483 socordia
907 3428 994 3502 atquo
1016 3421 1123 3483 desidia
