2392 3848
250 208 293 247 nu
316 206 486 249 currimns
509 207 750 251 courvusrrous
773 208 800 250 c·
823 199 865 254 17.
889 199 931 255 18·
1057 191 1080 251 P

100 352 204 429 uoluit,
226 355 256 412 in
277 371 369 413 unum
393 371 487 413 omms
502 363 649 426 convocat,
670 357 776 436 quibus
798 374 934 416 maxuma
949 358 1075 417 necessi·

100 436 170 495 tudo
186 443 214 496 et
227 435 396 514 plurumum
413 437 551 498 audaciae
567 440 668 500 inerat.
697 440 740 499 Eo
756 457 919 500 convenere
940 442 1106 500 senatoriis

101 518 210 579 ordinis
227 519 258 580 P.
278 518 418 581 Lentulus
432 521 521 590 Sura,
545 521 576 582 P.
594 524 766 592 Autronius,
790 522 822 583 L.
838 521 952 582 Cassius
965 523 1076 599 Longi·

100 619 170 672 nus,
190 602 224 662 C.
247 602 405 681 Cethegus,
428 604 460 665 P.
478 610 506 665 et
527 605 645 666 Servius
660 606 757 668 Sullae
779 606 861 666 Serri
875 604 939 675 lilii,
957 605 989 665 L.
1005 605 1076 666 Var-

78 687 243 762 sgunteius,
258 685 292 755 Q.
306 687 427 755 Annius,
440 687 476 747 ll.
489 687 610 749 Porcius
621 689 724 758 Laeca,
737 688 769 749 L.
785 688 890 756 bestia,
907 689 941 759 Q.
955 687 1075 749 Curius:

98 775 251 845 praeterea
269 788 305 830 ex
328 771 456 848 equestri
478 771 580 830 ordine
601 771 638 830 bl.
661 771 779 831 Fulvius
792 770 939 839 Nobilior,
962 771 993 830 L.
1011 772 1106 832 Sta-4

99 850 185 919 tilius,
199 850 231 911 P.
254 851 394 911 Gabinius
416 851 531 928 Capito,
555 852 588 912 G.
613 852 780 913 Cornelius:
803 854 839 912 ad
858 852 916 912 boc
933 852 1017 913 multi
1040 873 1075 914 ex

100 931 219 992 coloniis
235 940 264 994 et
280 934 452 1010 municipiis,
476 935 690 996 dominabiles.
726 935 815 996 lirant
836 942 989 1013 praeterea
1006 950 1103 998 con-5

98 1015 198 1093 plures
218 1014 304 1094 paulo
328 1015 469 1077 occultius
498 1018 599 1078 consili
626 1020 747 1079 huiusce
768 1019 924 1096 participes
951 1018 1073 1087 nobiles,

65 1117 173 1176 roquos
192 1102 284 1177 magis
305 1101 509 1164 dominationis
525 1118 592 1178 spes
611 1101 783 1162 hortabatur
801 1119 888 1179 quam
908 1102 1005 1178 inopia
1026 1110 1076 1162 aut

64 1202 66 1206 ¹
98 1181 153 1242 alia
171 1183 363 1244 necessitudo.
399 1182 534 1243 Ceterum
550 1186 683 1244 iuventus
699 1185 853 1264 pleraque,
875 1194 919 1244 set
937 1193 1103 1246 manumet

97 1264 256 1335 nobilium,
280 1265 417 1326 Catilinae
432 1268 554 1344 inceptis
569 1267 698 1328 larebat:
713 1267 819 1347 quibus
834 1269 864 1326 in
880 1268 938 1328 otio
953 1267 998 1328 vel
1012 1287 1074 1328 ma-

99 1348 203 1424 gnifice
217 1349 262 1408 vel
277 1347 403 1408 molliter
417 1350 513 1408 virere
529 1353 611 1428 copia
623 1357 694 1419 erat,
706 1353 816 1410 incerta
830 1368 885 1428 pro
898 1353 992 1420 certis,
1011 1351 1073 1411 bel·

99 1429 161 1491 lum
181 1449 268 1509 quam
282 1449 384 1508 pacem
405 1431 560 1492 malebant.
594 1433 689 1494 Fuere
705 1436 774 1493 item
789 1452 822 1494 ca
837 1439 1006 1512 tempestate
1025 1435 1103 1512 quit

64 1533 88 1573 rs
99 1514 253 1575 crederent
273 1514 310 1574 Μ.
334 1513 477 1575 Licinium
499 1514 635 1576 Crassum
653 1534 712 1576 non
731 1517 866 1592 ignarum
888 1516 950 1576 eius
973 1517 1074 1576 consili

98 1599 201 1658 luisse:
218 1599 285 1676 quia
300 1597 352 1657 Cn.
371 1598 536 1677 Pompeius,
554 1600 661 1659 invisus
678 1598 740 1676 ipsi,
758 1617 897 1678 magnum
915 1601 1074 1660 exercitum

98 1679 244 1750 ductabat,
260 1682 385 1741 cuiusuis
402 1699 472 1760 opes
486 1681 610 1743 voluisse
626 1690 728 1742 contra
745 1681 820 1743 illius
835 1684 994 1760 potentiam
1010 1701 1073 1743 cre-

98 1779 199 1831 scere,
221 1765 308 1823 simul
322 1765 479 1834 conlisum,
501 1767 525 1825 si
543 1767 704 1826 coniuratio
719 1764 870 1834 valuisset,
892 1763 974 1826 iacile
997 1767 1073 1844 apud

99 1843 163 1904 illos
177 1847 340 1924 principem
357 1864 388 1906 se
406 1847 477 1907 lore.

63 1947 89 1988 ao
185 1927 235 1987 Set
256 1937 340 1988 antea
362 1930 431 1988 item
453 1932 642 1991 coniuravere
663 1933 749 2009 pauci
769 1939 871 1991 contra
893 1951 957 1992 rem
977 1925 1125 2008 publi-18
1177 1951 1179 1955 ’

99 2029 171 2080 cam,
185 2011 213 2070 iu
227 2011 331 2088 quibus
344 2011 462 2072 Catilina
473 2013 541 2074 tuit:
559 2014 594 2074 de
608 2032 663 2092 qua
690 2031 775 2092 quam
788 2015 946 2075 verissume
961 2021 1064 2091 potero

98 2095 201 2154 dicam.
220 2093 253 2156 L.
266 2093 350 2155 Tullo
363 2093 421 2175 set]
435 2095 471 2157 Μ’
483 2096 593 2175 Lepido
605 2097 775 2158 consulibus
786 2095 817 2156 P.
830 2098 990 2158 Autronius
1003 2107 1031 2158 et
1041 2098 1072 2157 P.
1084 2108 1101 2154 2
1112 2134 1133 2149 --
1148 2135 1157 2147 .

99 2176 187 2246 Sulla,
204 2177 344 2254 designati
358 2179 500 2248 consules,
516 2178 630 2254 legibus
645 2179 770 2239 ambitus
785 2179 953 2256 interrogati
964 2197 1075 2257 poenas

98 2261 248 2321 dederant.
287 2260 356 2320 Post
378 2259 465 2337 paulo
487 2261 606 2321 Catilina
637 2263 827 2340 pecuniarum
845 2264 1104 2340 repetundarume

63 2361 166 2403 aereus
202 2342 367 2420 prohibitus
392 2351 455 2402 erat
479 2343 659 2404 consulatum
678 2352 778 2420 petere
804 2344 897 2420 [quod
911 2349 985 2405 intra
1002 2346 1073 2418 legi-

99 2436 196 2488 tumos
224 2427 287 2488 dies
313 2429 446 2505 profiteri
472 2427 662 2505 nequiveritj.
712 2427 783 2487 Erat
813 2427 916 2486 ecdem
947 2432 1109 2502 temperet

100 2510 156 2570 Cn.
179 2508 260 2579 Piso,
288 2510 460 2571 adulescens
486 2508 609 2577 nobilis,
638 2527 769 2569 summae
797 2510 948 2577 audaciae,
978 2526 1077 2587 egens,

100 2593 246 2660 factiosus,
258 2591 392 2669 quemad
405 2590 635 2668 perturbandam
646 2607 708 2650 rem
719 2591 865 2666 publicam
881 2591 1074 2668 inopiamque

100 2676 167 2736 mali
189 2691 288 2735 mores
309 2672 504 2734 stimulabant.
554 2673 625 2734 Cum
649 2673 705 2732 hoc
728 2671 847 2732 Catilina
869 2680 897 2732 et
918 2675 1103 2734 Autroninsb

65 2782 90 2823 ao
100 2760 215 2819 circiter
231 2757 330 2817 Nonas
344 2756 512 2832 Decembris
526 2755 645 2816 consilio
661 2756 865 2815 communicato
882 2756 1024 2832 parabant
1045 2757 1074 2815 in

100 2840 240 2919 Capitolio
254 2838 391 2901 Kalendis
405 2840 546 2900 ianuariis
557 2839 588 2898 L.
601 2837 712 2898 Cottam
729 2845 758 2897 et
768 2838 800 2897 L.
813 2837 995 2918 Torquatum
1006 2856 1075 2899 con-

100 2924 178 2986 sules
194 2924 373 2992 interficere,
390 2924 444 3000 ipsi
460 2922 585 2983 fascibus
601 2923 747 2998 conreptis
762 2920 896 2982 Pisonem
914 2940 980 2982 cum
992 2939 1075 2983 excr-

102 3010 161 3068 citu
182 3009 219 3068 ad
238 3008 413 3084 optinendas
433 3007 506 3067 duas
527 3005 678 3082 llispanias
700 3006 824 3065 mittere.
847 3003 958 3039 *****
980 3005 1021 3065 Ea
1043 3015 1106 3065 reo

101 3091 215 3167 cognita
234 3106 338 3165 retusus
354 3089 383 3148 in
400 3088 498 3148 Nonas
513 3088 687 3149 Februarias
704 3086 856 3147 consilium
870 3088 967 3148 caedis
982 3095 1077 3148 trans·

67 3172 236 3234 sstulerant.
281 3160 343 3230 laih
362 3177 425 3230 tum
452 3188 511 3230 non
541 3170 708 3231 consulibus
729 3170 831 3238 modo,
861 3179 905 3231 set
928 3169 1102 3250 plerisque?

101 3254 456 3335 senatoribusperniciem
466 3252 715 3314 machinabantur.
739 3250 822 3321 Quod
838 3256 867 3313 ni
882 3251 1000 3312 Catilina
1014 3264 1107 3316 ma·8

100 3346 228 3400 iurasset
247 3356 302 3417 pro
325 3339 407 3398 curia
429 3339 544 3414 signum
562 3335 648 3396 sociis
667 3336 751 3405 dare,
775 3354 809 3395 ec
826 3336 872 3396 die
890 3341 956 3412 post
977 3337 1076 3397 condi·

102 3428 160 3483 tam
171 3421 276 3484 urbem
292 3420 414 3482 Romam
427 3437 596 3500 pessumum
608 3419 720 3480 facinus
733 3424 880 3497 patratum
895 3419 980 3479 soret.
1003 3417 1076 3488 Quia
1174 3486 1178 3491 ,
