2392 3848
261 207 304 251 ,nn
324 206 427 246 annno
450 206 650 249 rrovannmo
675 205 701 247 o.
723 199 766 252 32.
787 197 832 253 33.
854 180 897 252 dl.
1025 189 1064 248 59

175 349 250 410 llum
271 351 344 411 haec
364 350 474 411 llomae
496 361 654 428 geruntur,
678 355 727 431 qui
746 354 776 412 iu
792 351 925 412 Numidia
940 352 1033 413 relicti
1048 366 1091 415 aa

91 432 186 493 Bestia
202 434 340 494 exercitui
355 442 511 510 praeerant
524 437 615 496 secuti
629 452 742 495 morem
748 436 934 513 imperatoris
942 436 987 495 sui
999 435 1064 512 plu·

90 533 175 576 ruma
190 522 218 576 et
231 515 461 594 flagitiosissuma
475 517 603 578 facinora
618 518 728 579 iecere:
745 518 828 578 luere
842 517 892 595 qui
907 535 978 579 auro
992 530 1087 581 cont

90 598 168 674 rupti
183 597 351 676 elephantos
364 597 521 676 Iugurthae
535 600 696 669 traderent,
712 600 759 661 alii
773 599 911 677 perfugas
927 600 1062 669 vendere,

70 697 158 756 spars
180 700 215 742 cx
230 683 338 758 pacatis
355 681 478 757 praedas
492 682 632 759 agebant:
653 689 733 743 tanta
746 685 788 743 ris
808 683 942 743 avaritiae
957 683 986 741 in
1000 684 1087 748 ani-t

91 781 153 822 mos
175 781 277 823 eorum
294 761 380 822 veluti
399 763 480 822 tabes
500 765 652 824 invaserat.

174 845 210 905 llt
225 845 339 906 Cassius
352 843 462 922 perlata
480 847 629 922 rogatione
643 864 660 906 a
678 847 711 908 G.
728 845 863 906 Memmio
878 863 912 905 ac
928 847 1087 923 perculsas

91 929 170 987 omni
181 927 332 987 nobilitate
345 927 383 987 ad
399 926 569 1005 Iugurtham
588 929 790 1006 proficiscitur,
812 928 896 1006 eique
912 928 1012 988 timido
1035 937 1064 988 et

91 1029 125 1070 er
141 1010 314 1071 conscientia
334 1009 475 1070 diffidenti
493 1009 583 1070 rebus
602 1011 662 1072 suis
682 1010 853 1088 persuadet,
873 1011 1009 1088 quoniam
1031 1029 1062 1071 se

57 1110 81 1152 ro
90 1093 197 1172 populo
208 1092 339 1153 Romano
355 1091 489 1161 dedisset,
508 1110 545 1153 ne
566 1095 624 1154 vim
643 1111 731 1172 quam
750 1094 978 1155 miserIoordiam
1000 1095 1062 1154 cius

89 1176 217 1253 experiri
232 1174 337 1237 mallet.
365 1175 501 1236 Privatim
514 1184 671 1252 ‘praeterea
686 1176 773 1236 Iidem
794 1193 877 1236 suam
896 1178 1060 1254 interponit,

90 1277 176 1337 quam
203 1257 252 1318 ille
279 1274 338 1317 non
368 1258 488 1317 minoris
514 1275 602 1335 quam
618 1258 764 1336 publicam
783 1258 923 1321 ducebat:
944 1258 1009 1319 talis
1028 1278 1061 1320 ea
1072 1264 1111 1326 33

89 1346 260 1418 tempestate
276 1339 352 1400 lama
368 1339 404 1400 de
418 1339 515 1399 Cassio
530 1347 600 1399 erat.
634 1340 725 1415 Igitur
739 1341 879 1417 Iugurtha
894 1347 995 1402 contra
1012 1342 1061 1402 de-

92 1440 143 1484 cus
158 1423 271 1500 regium
292 1420 372 1482 cultu
388 1438 474 1499 quam
490 1439 626 1482 maxume
640 1421 797 1484 miserabili
811 1441 878 1484 oum
893 1423 990 1483 Cassio
1003 1424 1061 1484 llo-

56 1524 167 1568 rsmam
184 1507 270 1566 venit.
299 1505 356 1574 bo,
375 1505 489 1564 tametsi
503 1505 533 1564 in
547 1506 610 1582 ipso
625 1520 730 1580 magna
742 1507 784 1566 ris
800 1506 887 1566 animi
905 1513 976 1575 erat,
993 1523 1083 1570 oon-2

89 1590 220 1650 firmatus
241 1586 277 1648 ab
298 1587 447 1655 omnibns,
471 1605 597 1666 quorum
617 1588 745 1665 potentia
759 1594 810 1648 aut
829 1587 939 1650 scelere
957 1595 1060 1650 cuncta

90 1691 123 1732 ea
140 1677 278 1748 gesserat,
291 1688 364 1747 quae
379 1687 467 1746 supra
482 1670 614 1738 diximus,
630 1672 663 1734 G.
679 1670 819 1732 bachium
834 1670 984 1732 tribunum
999 1671 1060 1748 ple·

89 1755 136 1815 boi
158 1769 263 1830 magna
280 1752 415 1813 mercede
435 1760 533 1829 parat,
554 1755 637 1814 ouius
657 1754 825 1832 Inpudentia
846 1760 946 1814 contra
967 1755 1012 1815 ins
1032 1761 1061 1814 et

91 1838 209 1896 iniurias
230 1836 324 1895 omnis
350 1836 479 1895 munitus
500 1834 585 1896 ioret.
628 1837 664 1896 At
689 1837 722 1896 G.
745 1836 897 1898 Memmius
923 1837 1087 1905 advocatas

56 1921 235 1988 rosontione,
252 1934 428 1996 quamquam
441 1919 504 1995 regi
518 1918 620 1978 intesta
634 1919 736 1996 plebes
754 1925 816 1980 erat
830 1927 860 1980 et
873 1936 942 1996 pars
955 1921 985 1978 in
1000 1922 1059 1978 rin·

91 2001 227 2062 euladuci
236 2000 367 2071 iubebat,
381 2019 459 2079 pars,
472 2003 529 2062 nisi
538 2003 634 2062 sootos
645 1999 769 2062 sceleris
778 2004 824 2062 sui
836 2003 1060 2081 aperiret,more

90 2086 232 2145 maiorum
244 2083 281 2143 de
294 2082 378 2142 hoste
391 2081 564 2160 subplicium
576 2084 660 2150 sumi,
676 2083 806 2158 dignitati
820 2100 907 2161 quam
921 2084 982 2144 irae
998 2101 1059 2143 ma·

90 2170 133 2244 gis
149 2166 303 2227 consulens
315 2165 418 2225 sedare
432 2172 529 2225 motus
546 2173 575 2223 et
590 2165 700 2226 anImos
716 2183 818 2226 eorum
833 2164 959 2236 molbre,
981 2172 1060 2243 post·

89 2267 172 2310 remo
193 2248 364 2309 confirmare
384 2247 470 2308 tidem
490 2247 636 2324 publicam
657 2265 710 2325 per
730 2265 794 2309 seso
808 2247 972 2309 inviolatam
986 2248 1059 2310 iore.

56 2358 81 2396 25
91 2333 168 2401 Post,
190 2329 242 2391 ubi
261 2329 406 2390 silentium
428 2331 532 2406 coepit,
549 2330 693 2406 producto
713 2329 852 2406 Iugurtha
872 2330 961 2390 verba
982 2330 1085 2398 tacita

90 2415 200 2474 Romae
214 2411 423 2488 NumidIacque
440 2411 569 2470 laciuora
590 2412 651 2472 elus
664 2417 821 2480 memorat,
841 2410 951 2474 scelera
965 2413 995 2471 in
1009 2430 1059 2490 pa·

91 2505 166 2558 hem
185 2494 348 2571 fratresque
368 2493 506 2553 ostendit:
529 2492 634 2572 quibus
653 2493 816 2554 iuvantibus
871 2494 993 2572 ibusquc
1006 2495 1059 2554 mi·

91 2579 188 2640 nistris
211 2596 244 2638 ca
266 2577 373 2653 egerit,
396 2593 571 2654 quamquam
591 2575 737 2652 intellegat
758 2512 882 2654 popffls
901 2575 1058 2645 Romanus,

90 2669 186 2722 tamen
200 2660 273 2721 velle
287 2659 448 2719 manufesta
464 2658 556 2734 magis
570 2677 606 2720 ex
626 2657 675 2719 illo
692 2658 817 2720 habere:
837 2660 861 2720 si
875 2677 976 2720 verum
991 2677 1059 2735 npe-

56 2771 83 2813 2⁰
93 2744 161 2813 riat,
184 2745 213 2804 iu
231 2743 288 2803 ltde
306 2748 335 2802 et
357 2741 507 2803 clementia
522 2741 619 2819 populi
632 2740 756 2800 Romani
769 2758 904 2818 magnam
922 2758 1004 2819 spem
1018 2740 1059 2801 illi

90 2830 188 2895 sitam,
211 2827 256 2886 siu
276 2825 410 2894 redueat,
438 2841 497 2883 non
518 2825 603 2884 sociis
617 2823 701 2884 saluti
722 2824 800 2894 lore,
819 2831 864 2883 set
882 2840 914 2883 se
933 2840 1060 2902 suasque

90 2927 157 2989 spes
173 2915 392 2985 conrupturum.
418 2906 537 2976 Deinde,
550 2905 602 2967 nbi
616 2906 768 2968 Memmius
781 2907 899 2968 dicundi
912 2906 1000 2967 linem
1016 2906 1058 2967 le·
1068 2914 1106 2974 34

91 2995 130 3054 cit
155 2998 184 3054 et
199 2991 339 3068 Iugurtha
355 2989 534 3068 respondere
549 2991 644 3049 iussus
656 2997 709 3057 ost,
730 2988 764 3049 G.
779 2988 904 3050 Racbius
924 2989 1058 3050 tribunus

90 3074 200 3155 plebei,
216 3091 304 3151 quem
318 3072 440 3150 pecunia
455 3078 630 3148 conruptum
650 3089 739 3149 snpra
753 3071 885 3140 dixImus,
900 3087 1001 3149 regem
1014 3077 1057 3132 ta·

57 3176 159 3224 assere
178 3155 267 3224 iubet,
287 3172 322 3215 ac
334 3155 449 3215 tametsi
464 3153 626 3221 multitudo,
649 3171 722 3231 quae
742 3154 773 3214 in
793 3155 927 3215 contione
948 3154 1057 3221 aderat,

92 3240 278 3301 vehementer
292 3237 416 3298 adcensa
429 3235 558 3297 terrebat
573 3254 640 3296 eum
661 3234 788 3297 clamore
804 3235 900 3305 voltu,
914 3253 1000 3312 saepe
1014 3237 1056 3295 ln-

91 3331 161 3400 petu
180 3330 267 3400 atque
289 3319 351 3382 aliis
371 3317 505 3379 omnihus
526 3335 601 3397 quae
622 3320 665 3379 ira
686 3318 750 3379 lieri
771 3327 856 3388 amat,
876 3319 942 3378 vicit
961 3325 1057 3378 tamen

91 3405 267 3482 inpudentIa.
304 3402 345 3464 lta
360 3399 485 3478 populus
497 3400 622 3462 ludibrio
637 3400 752 3462 habitus
767 3419 803 3462 ex
819 3401 951 3461 contione
966 3400 1084 3468 dimo-2
