2392 3848
35 172 38 177 ’
104 179 146 238 40
300 196 343 236 nn
365 196 468 238 senno
493 195 693 239 svevsrurno
718 194 744 236 c.
762 190 787 239 ὁ.
806 186 831 241 6.
855 185 870 239 i

104 339 216 402 nabalis
233 342 348 412 tranis,
371 361 458 421 quem
475 341 640 412 Masinissa,
661 343 741 422 quod
762 349 844 403 ortm
863 360 900 403 ex
921 341 1084 402 concubina

105 432 182 566 ἔτει,
205 427 349 569 Ειὲἱέαωω
371 425 575 504 dereliquerat,
588 426 696 487 ‚eodem
716 424 797 487 cultu
813 443 873 503 quo
885 423 995 485 liberos
1015 443 1084 487 suos

126 509 186 571 omi
265 510 317 569 uit.

74 587 94 647 6
191 591 248 662 Qui
258 590 310 653 nbi
318 593 447 669 primum
457 590 593 660 adolevit,
609 589 722 670 pollam
734 590 860 659 subm,
876 591 983 651 decora
998 590 1081 658 facie,

104 681 148 735 set
165 673 257 733 multo
275 692 412 739 maxume
432 675 548 750 ingenio
566 673 691 743 calidus,
713 691 774 735 non
791 691 823 734 se
837 673 911 735 luxu
926 691 1022 752 nequa
1038 675 1104 738 ins

103 758 193 819 ertias
209 757 465 835 conrumpendam
482 757 577 826 dedit,
597 763 655 825 set,
679 759 721 818 uti
742 774 806 817 mos
824 757 919 833 gentis
932 755 1008 817 illius
1029 763 1082 826 est,

104 842 234 918 equitare
243 839 466 917 iacrsbricursu
475 858 543 905 cum
553 839 723 918 aequalibus
734 847 857 909 certare,
869 846 978 900 etcum
990 841 1083 899 omnis

103 923 196 1000 gloria
211 925 344 992 anteiret,
359 922 495 985 omnibus
511 929 609 985 tamen
624 941 710 984 carus
725 939 802 985 esse:
817 923 855 984 ad
872 923 930 983 hoc
943 922 1084 1001 pleraque

107 1013 239 1085 tempora
253 1008 285 1067 in
300 1007 432 1070 venando
449 1022 548 1082 agere,
561 1005 676 1069 leonem
693 1013 781 1085 atque
794 1005 864 1068 alias
878 1006 957 1067 ieras
971 1008 1084 1083 primus

104 1096 154 1151 aut
175 1090 206 1153 in
225 1091 327 1167 primis
348 1088 454 1153 ierus:
476 1088 646 1168 plurumum
659 1088 768 1158 iacere,
787 1091 951 1151 minumum
966 1090 1029 1168 ipse
1047 1090 1083 1149 de
1092 1115 1117 1156 m

78 1183 136 1233 2se
156 1172 247 1252 loqui
277 1171 389 1244 Quibus
400 1171 491 1237 rebus
503 1173 622 1252 blieipss
639 1173 753 1234 tametsi
768 1173 850 1234 initio
870 1172 965 1233 laetus
986 1172 1083 1233 luerat

105 1257 283 1317 existumans
296 1255 709 1333 virtutemlugurtbaeregno
730 1273 784 1317 sno
805 1255 916 1333 gloriae
937 1256 1016 1324 iore,
1038 1262 1081 1315 ta·

103 1357 172 1401 men
191 1346 347 1418 postquam
360 1338 510 1403 bominem
528 1338 745 1403 adulescentem
760 1345 861 1401 exacta
875 1357 928 1400 sna
945 1344 1039 1401 aetate
1054 1345 1083 1400 et

103 1423 201 1500 parvis
219 1421 320 1485 liberis
332 1424 426 1500 manis
443 1424 594 1502 magisque
608 1440 744 1484 crescere
761 1422 909 1499 intellegit,
925 1423 1082 1484 uehemen-

102 1514 148 1566 ter
171 1523 208 1566 eo
230 1507 348 1583 negotio
370 1513 521 1585 permotus
540 1505 631 1569 mulia
651 1523 719 1567 cum
740 1506 838 1565 animo
863 1522 918 1565 suo
940 1505 1117 1572 volvebatq

76 1588 248 1650 3Terrebat
266 1608 334 1650 eum
353 1596 457 1650 natura
484 1589 650 1648 mortalium
671 1589 753 1648 avida
764 1589 870 1665 imperi
890 1595 919 1648 et
939 1605 1084 1665 praeceps

103 1673 140 1733 ad
154 1671 327 1749 explendam
341 1674 430 1733 animi
448 1671 628 1748 cupidinem,
645 1674 1083 1750 praetereaopportnnltassuae

101 1753 323 1832 liberorumque
335 1757 444 1823 astatis,
455 1772 530 1832 quae
540 1755 627 1817 etiam
637 1754 793 1817 mediceris
805 1757 883 1815 viros
893 1754 1083 1834 spepraedae

102 1844 287 1897 transvorsos
309 1839 381 1914 agit,
406 1840 442 1900 ad
462 1836 519 1897 boc
535 1839 630 1901 studia
651 1838 844 1899 Numidarum
857 1839 888 1897 in
909 1837 1083 1915 lngurtbam

102 1921 242 1996 adcensa,
268 1921 441 2000 exquibus,
464 1922 489 1981 si
506 1921 594 1983 talem
612 1924 708 1984 virum
728 1921 801 1983 dolis
814 1921 1022 1990 interfecisset,
1045 1939 1117 1983 nero

70 2006 162 2083 7qua
183 2004 286 2065 seditio
309 2012 359 2066 aut
378 2004 487 2066 bellum
510 2007 638 2066 oriretur
658 2006 762 2066 anxius
780 2010 850 2065 erat.
893 2003 943 2064 Eis
958 2003 1083 2065 difficul-

102 2087 212 2149 tatibus
228 2088 443 2149 circnmventus
457 2087 508 2148 ubi
525 2088 601 2149 videt
613 2105 710 2166 neque
723 2105 778 2164 per
792 2087 850 2147 viru
864 2104 961 2165 neque
974 2088 1084 2147 insidiis

102 2169 229 2246 sbprimi
249 2187 336 2248 posse
357 2170 506 2233 bominem
527 2177 587 2231 tam
608 2175 760 2247 acceptum
781 2167 981 2247 popularibus,
1005 2171 1084 2249 quod

102 2258 166 2313 erat
183 2250 325 2328 iugurtha
341 2270 430 2314 manu
444 2259 599 2331 promptus
613 2259 643 2314 st
656 2252 796 2331 adpetens
812 2252 923 2328 gloriae
941 2254 1082 2322 militaris,

101 2336 201 2396 statuit
217 2353 285 2396 eum
306 2334 454 2398 obiectare
474 2336 611 2414 periculis
633 2344 662 2397 et
677 2354 711 2398 es
732 2333 820 2396 modo
843 2335 992 2397 fortunam
1009 2342 1118 2398 tem-n

101 2427 193 2499 ptare.

75 2519 91 2566 2
185 2502 276 2577 igitur
297 2501 375 2563 bello
396 2503 574 2565 Numantino
588 2503 707 2581 Micipsa
727 2522 796 2565 cum
819 2505 929 2583 populo
950 2503 1083 2565 Romano

102 2587 234 2663 equitum
253 2591 341 2662 atque
355 2586 486 2662 peditum
501 2587 606 2649 auxilia
620 2588 762 2656 nutterat,
784 2605 907 2664 sperans
925 2586 971 2648 rel
985 2596 1082 2648 osten·

101 2668 190 2729 tando
210 2668 347 2731 virtutem
363 2667 409 2731 rel
429 2669 556 2731 bostium
575 2670 692 2730 saevitia
708 2668 795 2729 facile
809 2688 879 2730 eum
897 2687 1081 2738 occasurum,

75 2750 244 2831 3praeiecit
258 2749 399 2830 Numidis,
410 2770 483 2832 quos
503 2754 534 2813 in
548 2752 715 2830 Hispaniam
735 2752 878 2814 mittebat.
917 2753 968 2815 Set
984 2771 1017 2813 ea
1032 2770 1118 2814 reses

75 2836 188 2910 alonge
203 2834 287 2897 aliter
308 2843 442 2898 aeratus
460 2843 523 2897 erat
542 2838 646 2899 evenit.
688 2835 763 2898 Nam
783 2835 942 2912 iugurtha,
966 2843 999 2898 ut
1020 2843 1084 2898 erat

102 2919 217 2993 inpigro
240 2923 329 2995 atque
350 2919 412 2979 acri
432 2920 563 2995 ingenio,
586 2919 638 2979 ubi
657 2925 793 2979 naturam
807 2919 840 2980 P.
858 2919 1011 2999 Scipionis,
1033 2921 1083 2998 qui

101 3006 164 3060 tum
184 2999 323 3061 Romanis
336 3004 496 3082 imperator
512 3009 590 3073 erat,
610 3008 640 3063 et
658 3018 773 3062 morem
789 3001 916 3063 hostium
937 3004 1081 3080 cognovit,

101 3082 193 3143 multo
211 3081 313 3145 labore
334 3085 482 3164 multaque
504 3103 590 3156 cura,
612 3090 765 3164 praeterea
786 3082 1008 3148 modestissume
1029 3102 1081 3163 pa·

101 3167 196 3227 rondo
216 3173 247 3227 at
262 3184 350 3245 saepe
365 3167 480 3231 obviam
496 3170 592 3231 eundo
607 3168 745 3247 periculis
762 3170 918 3230 intentam
934 3168 1080 3230 claritudi-
1090 3188 1115 3230 ss

102 3267 170 3311 nem
189 3249 272 3311 brevi
292 3259 481 3327 pervenerat,
509 3259 542 3313 ut
561 3255 669 3315 nostris
689 3253 878 3315 uehementer
899 3269 999 3321 carus,
1019 3250 1079 3312 Nu·

78 3334 240 3395 amantinis
259 3352 397 3397 maxumo
419 3337 528 3397 terrori
547 3342 633 3397 esset.
675 3337 815 3406 bosane,
837 3335 916 3414 quod
937 3332 1080 3395 difficillu-

102 3432 185 3476 mum
196 3417 226 3475 in
239 3418 341 3493 primis
354 3426 407 3490 est,
430 3425 459 3480 et
473 3418 585 3496 proelio
601 3425 738 3481 strenuus
759 3426 822 3480 erat
844 3424 873 3480 et
891 3419 988 3480 bonus
1010 3435 1080 3478 con·
