<?xml version="1.0" encoding="UTF-8"?>
<!DOCTYPE html PUBLIC "-//W3C//DTD XHTML 1.0 Transitional//EN"
    "http://www.w3.org/TR/xhtml1/DTD/xhtml1-transitional.dtd">
<html xmlns="http://www.w3.org/1999/xhtml" xml:lang="en" lang="en">
 <head>
  <title>
</title>
<meta http-equiv="Content-Type" content="text/html;charset=utf-8" />
  <meta name='ocr-system' content='tesseract 3.04.00' />
  <meta name='ocr-capabilities' content='ocr_page ocr_carea ocr_par ocr_line ocrx_word'/>
</head>
<body>
  <div class='ocr_page' id='page_1' title='image "./libridecatilina00sallgoog_0140.png"; bbox 0 0 2392 3848; ppageno 0'>
   <div class='ocr_carea' id='block_1_1' title="bbox 376 191 1090 253">
    <p class='ocr_par' dir='ltr' id='par_1_1' title="bbox 376 191 1090 253">
     <span class='ocr_line' id='line_1_1' title="bbox 376 191 1090 253; baseline 0.001 -3"><span class='ocrx_word' id='word_1_1' title='bbox 376 211 418 251; x_wconf 78' lang='lat' dir='ltr'>nx</span> <span class='ocrx_word' id='word_1_2' title='bbox 439 209 603 253; x_wconf 75' lang='lat' dir='ltr'>merosus</span> <span class='ocrx_word' id='word_1_3' title='bbox 626 211 823 253; x_wconf 76' lang='lat' dir='ltr'>nxcaarrnu.</span> <span class='ocrx_word' id='word_1_4' title='bbox 1033 191 1090 252; x_wconf 80' lang='lat'>121</span> 
     </span>
    </p>
   </div>
   <div class='ocr_carea' id='block_1_2' title="bbox 67 354 1145 3187">
    <p class='ocr_par' dir='ltr' id='par_1_2' title="bbox 67 354 1145 3187">
     <span class='ocr_line' id='line_1_2' title="bbox 114 354 1094 436; baseline 0.001 -20"><span class='ocrx_word' id='word_1_5' title='bbox 114 359 215 434; x_wconf 90' lang='lat' dir='ltr'>precio</span> <span class='ocrx_word' id='word_1_6' title='bbox 227 358 256 416; x_wconf 93' lang='lat' dir='ltr'>in</span> <span class='ocrx_word' id='word_1_7' title='bbox 269 357 331 418; x_wconf 89' lang='lat' dir='ltr'>dies</span> <span class='ocrx_word' id='word_1_8' title='bbox 346 354 457 417; x_wconf 92' lang='lat' dir='ltr'>bellum</span> <span class='ocrx_word' id='word_1_9' title='bbox 478 358 641 436; x_wconf 88' lang='lat' dir='ltr'>prolatans,</span> <span class='ocrx_word' id='word_1_10' title='bbox 662 359 815 419; x_wconf 81' lang='lat' dir='ltr'>Cretenses</span> <span class='ocrx_word' id='word_1_11' title='bbox 830 359 982 436; x_wconf 88' lang='lat' dir='ltr'>inpugnati</span> <span class='ocrx_word' id='word_1_12' title='bbox 1003 357 1094 421; x_wconf 91' lang='lat' dir='ltr'>semel</span> 
     </span>
     <span class='ocr_line' id='line_1_3' title="bbox 115 441 1145 520; baseline 0.008 -21"><span class='ocrx_word' id='word_1_13' title='bbox 115 442 287 518; x_wconf 88' lang='lat' dir='ltr'>iamneque</span> <span class='ocrx_word' id='word_1_14' title='bbox 307 443 395 500; x_wconf 89' lang='lat' dir='ltr'>finem</span> <span class='ocrx_word' id='word_1_15' title='bbox 417 443 472 501; x_wconf 87' lang='lat' dir='ltr'>nisi</span> <span class='ocrx_word' id='word_1_16' title='bbox 487 443 598 503; x_wconf 82' lang='lat' dir='ltr'>excidio</span> <span class='ocrx_word' id='word_1_17' title='bbox 620 442 756 502; x_wconf 89' lang='lat' dir='ltr'>habituri.</span> <span class='ocrx_word' id='word_1_18' title='bbox 778 441 922 520; x_wconf 82' lang='lat' dir='ltr'>Equidem</span> <span class='ocrx_word' id='word_1_19' title='bbox 943 443 1145 509; x_wconf 81' lang='lat' dir='ltr'>cummihi13</span> 
     </span>
     <span class='ocr_line' id='line_1_4' title="bbox 115 523 1093 606; baseline 0.004 -25"><span class='ocrx_word' id='word_1_20' title='bbox 115 523 153 582; x_wconf 91' lang='lat' dir='ltr'>ob</span> <span class='ocrx_word' id='word_1_21' title='bbox 171 523 303 601; x_wconf 88' lang='lat' dir='ltr'>ipsorum</span> <span class='ocrx_word' id='word_1_22' title='bbox 318 527 431 585; x_wconf 88' lang='lat' dir='ltr'>interna</span> <span class='ocrx_word' id='word_1_23' title='bbox 448 525 523 586; x_wconf 90' lang='lat' dir='ltr'>mala</span> <span class='ocrx_word' id='word_1_24' title='bbox 540 524 626 586; x_wconf 90' lang='lat' dir='ltr'>dilata</span> <span class='ocrx_word' id='word_1_25' title='bbox 642 523 753 603; x_wconf 89' lang='lat' dir='ltr'>proelia</span> <span class='ocrx_word' id='word_1_26' title='bbox 771 527 864 602; x_wconf 83' lang='lat' dir='ltr'>magis</span> <span class='ocrx_word' id='word_1_27' title='bbox 881 543 968 606; x_wconf 90' lang='lat' dir='ltr'>quam</span> <span class='ocrx_word' id='word_1_28' title='bbox 990 543 1093 603; x_wconf 85' lang='lat' dir='ltr'>pacem</span> 
     </span>
     <span class='ocr_line' id='line_1_5' title="bbox 115 606 1092 688; baseline 0.002 -23"><span class='ocrx_word' id='word_1_29' title='bbox 115 606 211 666; x_wconf 88' lang='lat' dir='ltr'>datam</span> <span class='ocrx_word' id='word_1_30' title='bbox 228 606 443 685; x_wconf 85' lang='lat' dir='ltr'>intellegerem,</span> <span class='ocrx_word' id='word_1_31' title='bbox 468 609 614 670; x_wconf 85' lang='lat' dir='ltr'>abnuente</span> <span class='ocrx_word' id='word_1_32' title='bbox 628 609 764 685; x_wconf 78' lang='lat' dir='ltr'>Tigrane,</span> <span class='ocrx_word' id='word_1_33' title='bbox 783 611 833 688; x_wconf 92' lang='lat' dir='ltr'>qui</span> <span class='ocrx_word' id='word_1_34' title='bbox 853 627 918 670; x_wconf 91' lang='lat' dir='ltr'>mea</span> <span class='ocrx_word' id='word_1_35' title='bbox 933 610 1010 670; x_wconf 90' lang='lat' dir='ltr'>dicta</span> <span class='ocrx_word' id='word_1_36' title='bbox 1025 626 1092 668; x_wconf 91' lang='lat' dir='ltr'>sero</span> 
     </span>
     <span class='ocr_line' id='line_1_6' title="bbox 113 688 1093 769; baseline 0.001 -20"><span class='ocrx_word' id='word_1_37' title='bbox 113 688 233 766; x_wconf 90' lang='lat' dir='ltr'>probat,</span> <span class='ocrx_word' id='word_1_38' title='bbox 256 697 286 750; x_wconf 90' lang='lat' dir='ltr'>te</span> <span class='ocrx_word' id='word_1_39' title='bbox 303 697 418 750; x_wconf 90' lang='lat' dir='ltr'>remoto</span> <span class='ocrx_word' id='word_1_40' title='bbox 435 692 554 769; x_wconf 90' lang='lat' dir='ltr'>procul,</span> <span class='ocrx_word' id='word_1_41' title='bbox 579 692 715 752; x_wconf 91' lang='lat' dir='ltr'>omnibus</span> <span class='ocrx_word' id='word_1_42' title='bbox 735 691 798 751; x_wconf 88' lang='lat' dir='ltr'>aliis</span> <span class='ocrx_word' id='word_1_43' title='bbox 819 692 967 763; x_wconf 82' lang='lat' dir='ltr'>obnoxiis,</span> <span class='ocrx_word' id='word_1_44' title='bbox 988 707 1093 752; x_wconf 91' lang='lat' dir='ltr'>rursus</span> 
     </span>
     <span class='ocr_line' id='line_1_7' title="bbox 114 771 1091 855; baseline 0.004 -25"><span class='ocrx_word' id='word_1_45' title='bbox 114 779 210 832; x_wconf 84' lang='lat' dir='ltr'>tamen</span> <span class='ocrx_word' id='word_1_46' title='bbox 221 771 332 835; x_wconf 88' lang='lat' dir='ltr'>bellum</span> <span class='ocrx_word' id='word_1_47' title='bbox 349 779 432 854; x_wconf 84' lang='lat' dir='ltr'>coepi</span> <span class='ocrx_word' id='word_1_48' title='bbox 443 775 633 855; x_wconf 83' lang='lat' dir='ltr'>Marcumque</span> <span class='ocrx_word' id='word_1_49' title='bbox 650 774 771 845; x_wconf 91' lang='lat' dir='ltr'>Cottam,</span> <span class='ocrx_word' id='word_1_50' title='bbox 794 775 958 836; x_wconf 87' lang='lat' dir='ltr'>Romanum</span> <span class='ocrx_word' id='word_1_51' title='bbox 978 776 1091 844; x_wconf 91' lang='lat' dir='ltr'>ducem,</span> 
     </span>
     <span class='ocr_line' id='line_1_8' title="bbox 113 855 1091 936; baseline 0.003 -22"><span class='ocrx_word' id='word_1_52' title='bbox 113 855 191 932; x_wconf 92' lang='lat' dir='ltr'>apud</span> <span class='ocrx_word' id='word_1_53' title='bbox 207 855 391 917; x_wconf 81' lang='lat' dir='ltr'>Chalcedona</span> <span class='ocrx_word' id='word_1_54' title='bbox 409 866 488 918; x_wconf 89' lang='lat' dir='ltr'>terra</span> <span class='ocrx_word' id='word_1_55' title='bbox 504 858 582 927; x_wconf 85' lang='lat' dir='ltr'>ludi,</span> <span class='ocrx_word' id='word_1_56' title='bbox 606 859 681 918; x_wconf 89' lang='lat' dir='ltr'>mari</span> <span class='ocrx_word' id='word_1_57' title='bbox 695 860 762 918; x_wconf 86' lang='lat' dir='ltr'>exui</span> <span class='ocrx_word' id='word_1_58' title='bbox 782 857 874 919; x_wconf 89' lang='lat' dir='ltr'>classe</span> <span class='ocrx_word' id='word_1_59' title='bbox 893 859 1091 936; x_wconf 87' lang='lat' dir='ltr'>pulcerruma.</span> 
     </span>
     <span class='ocr_line' id='line_1_9' title="bbox 112 937 1144 1018; baseline 0.001 -21"><span class='ocrx_word' id='word_1_60' title='bbox 112 939 196 1015; x_wconf 77' lang='lat' dir='ltr'>Apud</span> <span class='ocrx_word' id='word_1_61' title='bbox 225 937 359 1017; x_wconf 79' lang='lat' dir='ltr'>Cyzicum</span> <span class='ocrx_word' id='word_1_62' title='bbox 388 957 494 1018; x_wconf 84' lang='lat' dir='ltr'>magno</span> <span class='ocrx_word' id='word_1_63' title='bbox 522 960 589 1002; x_wconf 91' lang='lat' dir='ltr'>cum</span> <span class='ocrx_word' id='word_1_64' title='bbox 613 943 743 1002; x_wconf 85' lang='lat' dir='ltr'>exercitu</span> <span class='ocrx_word' id='word_1_65' title='bbox 768 941 799 1000; x_wconf 93' lang='lat' dir='ltr'>in</span> <span class='ocrx_word' id='word_1_66' title='bbox 827 941 939 1003; x_wconf 92' lang='lat' dir='ltr'>obsidio</span> <span class='ocrx_word' id='word_1_67' title='bbox 968 942 1093 1002; x_wconf 87' lang='lat' dir='ltr'>moranti</span> <span class='ocrx_word' id='word_1_68' title='bbox 1113 948 1144 998; x_wconf 77' lang='lat'>14</span> 
     </span>
     <span class='ocr_line' id='line_1_10' title="bbox 113 1022 1094 1086; baseline 0.006 -8"><span class='ocrx_word' id='word_1_69' title='bbox 113 1022 292 1082; x_wconf 81' lang='lat' dir='ltr'>frumentum</span> <span class='ocrx_word' id='word_1_70' title='bbox 319 1024 410 1084; x_wconf 86' lang='lat' dir='ltr'>defuit</span> <span class='ocrx_word' id='word_1_71' title='bbox 434 1023 514 1085; x_wconf 84' lang='lat' dir='ltr'>nudo</span> <span class='ocrx_word' id='word_1_72' title='bbox 545 1026 656 1085; x_wconf 91' lang='lat' dir='ltr'>circum</span> <span class='ocrx_word' id='word_1_73' title='bbox 687 1024 850 1085; x_wconf 80' lang='lat' dir='ltr'>adnitente:</span> <span class='ocrx_word' id='word_1_74' title='bbox 884 1024 970 1085; x_wconf 91' lang='lat' dir='ltr'>simul</span> <span class='ocrx_word' id='word_1_75' title='bbox 1000 1025 1094 1086; x_wconf 90' lang='lat' dir='ltr'>hiems</span> 
     </span>
     <span class='ocr_line' id='line_1_11' title="bbox 78 1105 1093 1186; baseline -0.001 -17"><span class='ocrx_word' id='word_1_76' title='bbox 78 1107 186 1169; x_wconf 70' lang='lat' dir='ltr'>temari</span> <span class='ocrx_word' id='word_1_77' title='bbox 214 1105 398 1182; x_wconf 87' lang='lat' dir='ltr'>prohibebat.</span> <span class='ocrx_word' id='word_1_78' title='bbox 440 1107 483 1168; x_wconf 92' lang='lat' dir='ltr'>lta</span> <span class='ocrx_word' id='word_1_79' title='bbox 503 1109 566 1168; x_wconf 90' lang='lat' dir='ltr'>sine</span> <span class='ocrx_word' id='word_1_80' title='bbox 585 1109 613 1169; x_wconf 85' lang='lat' dir='ltr'>ri</span> <span class='ocrx_word' id='word_1_81' title='bbox 633 1107 761 1168; x_wconf 86' lang='lat' dir='ltr'>hostium</span> <span class='ocrx_word' id='word_1_82' title='bbox 782 1109 899 1186; x_wconf 81' lang='lat' dir='ltr'>regredi</span> <span class='ocrx_word' id='word_1_83' title='bbox 920 1116 1041 1169; x_wconf 88' lang='lat' dir='ltr'>conatus</span> <span class='ocrx_word' id='word_1_84' title='bbox 1062 1109 1093 1168; x_wconf 90' lang='lat' dir='ltr'>iu</span> 
     </span>
     <span class='ocr_line' id='line_1_12' title="bbox 112 1190 1092 1270; baseline 0.003 -23"><span class='ocrx_word' id='word_1_85' title='bbox 112 1190 239 1265; x_wconf 91' lang='lat' dir='ltr'>patrium</span> <span class='ocrx_word' id='word_1_86' title='bbox 265 1206 391 1266; x_wconf 88' lang='lat' dir='ltr'>regnum</span> <span class='ocrx_word' id='word_1_87' title='bbox 411 1191 570 1268; x_wconf 84' lang='lat' dir='ltr'>naufragiis</span> <span class='ocrx_word' id='word_1_88' title='bbox 597 1191 675 1270; x_wconf 88' lang='lat' dir='ltr'>apud</span> <span class='ocrx_word' id='word_1_89' title='bbox 699 1192 817 1252; x_wconf 90' lang='lat' dir='ltr'>Parium</span> <span class='ocrx_word' id='word_1_90' title='bbox 846 1199 874 1253; x_wconf 91' lang='lat' dir='ltr'>et</span> <span class='ocrx_word' id='word_1_91' title='bbox 895 1193 981 1268; x_wconf 84' lang='lat' dir='ltr'>apud</span> <span class='ocrx_word' id='word_1_92' title='bbox 1000 1191 1092 1251; x_wconf 82' lang='lat' dir='ltr'>llera-</span> 
     </span>
     <span class='ocr_line' id='line_1_13' title="bbox 113 1271 1143 1350; baseline 0.008 -19"><span class='ocrx_word' id='word_1_93' title='bbox 113 1271 205 1331; x_wconf 89' lang='lat' dir='ltr'>cleem</span> <span class='ocrx_word' id='word_1_94' title='bbox 230 1271 354 1332; x_wconf 90' lang='lat' dir='ltr'>militum</span> <span class='ocrx_word' id='word_1_95' title='bbox 386 1279 521 1350; x_wconf 89' lang='lat' dir='ltr'>optumos</span> <span class='ocrx_word' id='word_1_96' title='bbox 549 1292 616 1333; x_wconf 92' lang='lat' dir='ltr'>cum</span> <span class='ocrx_word' id='word_1_97' title='bbox 642 1273 783 1334; x_wconf 87' lang='lat' dir='ltr'>classibus</span> <span class='ocrx_word' id='word_1_98' title='bbox 810 1277 902 1335; x_wconf 90' lang='lat' dir='ltr'>amisi.</span> <span class='ocrx_word' id='word_1_99' title='bbox 946 1275 1089 1336; x_wconf 85' lang='lat' dir='ltr'>Restituto</span> <span class='ocrx_word' id='word_1_100' title='bbox 1110 1287 1143 1339; x_wconf 73' lang='lat'>1⁵</span> 
     </span>
     <span class='ocr_line' id='line_1_14' title="bbox 112 1353 1092 1435; baseline 0.005 -22"><span class='ocrx_word' id='word_1_101' title='bbox 112 1353 218 1414; x_wconf 90' lang='lat' dir='ltr'>deiude</span> <span class='ocrx_word' id='word_1_102' title='bbox 239 1355 316 1431; x_wconf 93' lang='lat' dir='ltr'>apud</span> <span class='ocrx_word' id='word_1_103' title='bbox 346 1353 488 1416; x_wconf 84' lang='lat' dir='ltr'>Caberam</span> <span class='ocrx_word' id='word_1_104' title='bbox 515 1357 645 1417; x_wconf 84' lang='lat' dir='ltr'>exercitu</span> <span class='ocrx_word' id='word_1_105' title='bbox 671 1365 701 1417; x_wconf 83' lang='lat' dir='ltr'>et</span> <span class='ocrx_word' id='word_1_106' title='bbox 723 1359 810 1417; x_wconf 85' lang='lat' dir='ltr'>variis</span> <span class='ocrx_word' id='word_1_107' title='bbox 836 1359 912 1418; x_wconf 89' lang='lat' dir='ltr'>inter</span> <span class='ocrx_word' id='word_1_108' title='bbox 936 1365 1092 1435; x_wconf 88' lang='lat' dir='ltr'>meatque</span> 
     </span>
     <span class='ocr_line' id='line_1_15' title="bbox 112 1436 1091 1516; baseline 0.007 -21"><span class='ocrx_word' id='word_1_109' title='bbox 112 1436 266 1498; x_wconf 89' lang='lat' dir='ltr'>Lucullum</span> <span class='ocrx_word' id='word_1_110' title='bbox 286 1436 405 1516; x_wconf 87' lang='lat' dir='ltr'>proeliis</span> <span class='ocrx_word' id='word_1_111' title='bbox 425 1440 521 1516; x_wconf 90' lang='lat' dir='ltr'>inopia</span> <span class='ocrx_word' id='word_1_112' title='bbox 542 1457 646 1500; x_wconf 86' lang='lat' dir='ltr'>rursus</span> <span class='ocrx_word' id='word_1_113' title='bbox 665 1438 768 1500; x_wconf 90' lang='lat' dir='ltr'>ambos</span> <span class='ocrx_word' id='word_1_114' title='bbox 789 1441 915 1500; x_wconf 90' lang='lat' dir='ltr'>incessit.</span> <span class='ocrx_word' id='word_1_115' title='bbox 940 1439 985 1500; x_wconf 90' lang='lat' dir='ltr'>llli</span> <span class='ocrx_word' id='word_1_116' title='bbox 1004 1440 1091 1502; x_wconf 89' lang='lat' dir='ltr'>sube-</span> 
     </span>
     <span class='ocr_line' id='line_1_16' title="bbox 78 1520 1092 1601; baseline -0.002 -16"><span class='ocrx_word' id='word_1_117' title='bbox 78 1528 157 1585; x_wconf 78' lang='lat' dir='ltr'>rarat</span> <span class='ocrx_word' id='word_1_118' title='bbox 171 1537 296 1596; x_wconf 87' lang='lat' dir='ltr'>regnum</span> <span class='ocrx_word' id='word_1_119' title='bbox 312 1520 517 1582; x_wconf 78' lang='lat' dir='ltr'>Ariobarzanis</span> <span class='ocrx_word' id='word_1_120' title='bbox 535 1521 613 1583; x_wconf 88' lang='lat' dir='ltr'>bello</span> <span class='ocrx_word' id='word_1_121' title='bbox 628 1525 784 1583; x_wconf 90' lang='lat' dir='ltr'>intactum:</span> <span class='ocrx_word' id='word_1_122' title='bbox 805 1541 860 1601; x_wconf 90' lang='lat' dir='ltr'>ego</span> <span class='ocrx_word' id='word_1_123' title='bbox 877 1523 964 1584; x_wconf 89' lang='lat' dir='ltr'>vastis</span> <span class='ocrx_word' id='word_1_124' title='bbox 980 1523 1092 1583; x_wconf 89' lang='lat' dir='ltr'>circum</span> 
     </span>
     <span class='ocr_line' id='line_1_17' title="bbox 111 1603 1090 1685; baseline 0.004 -23"><span class='ocrx_word' id='word_1_125' title='bbox 111 1603 246 1664; x_wconf 88' lang='lat' dir='ltr'>omnibus</span> <span class='ocrx_word' id='word_1_126' title='bbox 272 1603 344 1664; x_wconf 92' lang='lat' dir='ltr'>locis</span> <span class='ocrx_word' id='word_1_127' title='bbox 365 1607 395 1664; x_wconf 93' lang='lat' dir='ltr'>in</span> <span class='ocrx_word' id='word_1_128' title='bbox 416 1605 584 1666; x_wconf 78' lang='lat' dir='ltr'>Armeniam</span> <span class='ocrx_word' id='word_1_129' title='bbox 606 1608 753 1666; x_wconf 87' lang='lat' dir='ltr'>concessi:</span> <span class='ocrx_word' id='word_1_130' title='bbox 779 1607 930 1685; x_wconf 89' lang='lat' dir='ltr'>secutique</span> <span class='ocrx_word' id='word_1_131' title='bbox 952 1607 1090 1676; x_wconf 88' lang='lat' dir='ltr'>Romani,</span> 
     </span>
     <span class='ocr_line' id='line_1_18' title="bbox 111 1689 1091 1766; baseline 0.004 -22"><span class='ocrx_word' id='word_1_132' title='bbox 111 1704 170 1746; x_wconf 91' lang='lat' dir='ltr'>uon</span> <span class='ocrx_word' id='word_1_133' title='bbox 184 1705 231 1747; x_wconf 89' lang='lat' dir='ltr'>me</span> <span class='ocrx_word' id='word_1_134' title='bbox 245 1694 289 1747; x_wconf 89' lang='lat' dir='ltr'>set</span> <span class='ocrx_word' id='word_1_135' title='bbox 310 1705 423 1748; x_wconf 89' lang='lat' dir='ltr'>morem</span> <span class='ocrx_word' id='word_1_136' title='bbox 442 1706 528 1748; x_wconf 88' lang='lat' dir='ltr'>suum</span> <span class='ocrx_word' id='word_1_137' title='bbox 558 1690 655 1749; x_wconf 86' lang='lat' dir='ltr'>omnia</span> <span class='ocrx_word' id='word_1_138' title='bbox 686 1705 778 1766; x_wconf 83' lang='lat' dir='ltr'>regna</span> <span class='ocrx_word' id='word_1_139' title='bbox 798 1689 1005 1758; x_wconf 84' lang='lat' dir='ltr'>subvortundi,</span> <span class='ocrx_word' id='word_1_140' title='bbox 1024 1691 1091 1766; x_wconf 90' lang='lat' dir='ltr'>quia</span> 
     </span>
     <span class='ocr_line' id='line_1_19' title="bbox 111 1769 1091 1851; baseline 0.004 -23"><span class='ocrx_word' id='word_1_141' title='bbox 111 1769 325 1832; x_wconf 82' lang='lat' dir='ltr'>multitudinem</span> <span class='ocrx_word' id='word_1_142' title='bbox 352 1773 422 1831; x_wconf 86' lang='lat' dir='ltr'>artis</span> <span class='ocrx_word' id='word_1_143' title='bbox 445 1770 517 1832; x_wconf 92' lang='lat' dir='ltr'>locis</span> <span class='ocrx_word' id='word_1_144' title='bbox 539 1789 637 1850; x_wconf 84' lang='lat' dir='ltr'>pugna</span> <span class='ocrx_word' id='word_1_145' title='bbox 656 1771 851 1851; x_wconf 90' lang='lat' dir='ltr'>prohibuere,</span> <span class='ocrx_word' id='word_1_146' title='bbox 872 1773 1091 1851; x_wconf 87' lang='lat' dir='ltr'>inprudentiam</span> 
     </span>
     <span class='ocr_line' id='line_1_20' title="bbox 110 1853 633 1933; baseline 0.006 -22"><span class='ocrx_word' id='word_1_147' title='bbox 110 1853 244 1929; x_wconf 84' lang='lat' dir='ltr'>Tigranis</span> <span class='ocrx_word' id='word_1_148' title='bbox 262 1872 318 1933; x_wconf 95' lang='lat' dir='ltr'>pro</span> <span class='ocrx_word' id='word_1_149' title='bbox 339 1855 459 1915; x_wconf 80' lang='lat' dir='ltr'>victoria</span> <span class='ocrx_word' id='word_1_150' title='bbox 479 1862 633 1916; x_wconf 87' lang='lat' dir='ltr'>ostentant.</span> 
     </span>
     <span class='ocr_line' id='line_1_21' title="bbox 75 1937 1142 2016; baseline 0.002 -20"><span class='ocrx_word' id='word_1_151' title='bbox 75 1959 100 1996; x_wconf 82' lang='lat' dir='ltr'>ao</span> <span class='ocrx_word' id='word_1_152' title='bbox 194 1937 278 1998; x_wconf 89' lang='lat' dir='ltr'>Nune</span> <span class='ocrx_word' id='word_1_153' title='bbox 289 1956 398 2016; x_wconf 89' lang='lat' dir='ltr'>quaeso</span> <span class='ocrx_word' id='word_1_154' title='bbox 410 1938 578 2007; x_wconf 87' lang='lat' dir='ltr'>considera.</span> <span class='ocrx_word' id='word_1_155' title='bbox 600 1939 686 1999; x_wconf 90' lang='lat' dir='ltr'>nobis</span> <span class='ocrx_word' id='word_1_156' title='bbox 702 1939 850 2016; x_wconf 89' lang='lat' dir='ltr'>obpressis</span> <span class='ocrx_word' id='word_1_157' title='bbox 866 1946 967 2000; x_wconf 88' lang='lat' dir='ltr'>utrum</span> <span class='ocrx_word' id='word_1_158' title='bbox 980 1940 1090 2000; x_wconf 85' lang='lat' dir='ltr'>firmio·</span> <span class='ocrx_word' id='word_1_159' title='bbox 1108 1953 1142 2009; x_wconf 81' lang='lat' dir='ltr'>1e</span> 
     </span>
     <span class='ocr_line' id='line_1_22' title="bbox 110 2021 1091 2100; baseline 0.003 -21"><span class='ocrx_word' id='word_1_160' title='bbox 110 2039 173 2080; x_wconf 87' lang='lat' dir='ltr'>rem</span> <span class='ocrx_word' id='word_1_161' title='bbox 204 2027 232 2081; x_wconf 90' lang='lat' dir='ltr'>te</span> <span class='ocrx_word' id='word_1_162' title='bbox 258 2021 295 2081; x_wconf 91' lang='lat' dir='ltr'>ad</span> <span class='ocrx_word' id='word_1_163' title='bbox 322 2022 521 2083; x_wconf 87' lang='lat' dir='ltr'>resistundum</span> <span class='ocrx_word' id='word_1_164' title='bbox 548 2041 585 2082; x_wconf 89' lang='lat' dir='ltr'>an</span> <span class='ocrx_word' id='word_1_165' title='bbox 611 2023 699 2083; x_wconf 83' lang='lat' dir='ltr'>duem</span> <span class='ocrx_word' id='word_1_166' title='bbox 731 2021 800 2082; x_wconf 89' lang='lat' dir='ltr'>belli</span> <span class='ocrx_word' id='word_1_167' title='bbox 827 2023 958 2084; x_wconf 84' lang='lat' dir='ltr'>futurum</span> <span class='ocrx_word' id='word_1_168' title='bbox 987 2023 1091 2100; x_wconf 69' lang='lat' dir='ltr'>putes?</span> 
     </span>
     <span class='ocr_line' id='line_1_23' title="bbox 109 2103 1091 2184; baseline 0.004 -23"><span class='ocrx_word' id='word_1_169' title='bbox 109 2103 175 2162; x_wconf 86' lang='lat' dir='ltr'>Scio</span> <span class='ocrx_word' id='word_1_170' title='bbox 194 2105 328 2183; x_wconf 89' lang='lat' dir='ltr'>equidem</span> <span class='ocrx_word' id='word_1_171' title='bbox 349 2106 401 2166; x_wconf 94' lang='lat' dir='ltr'>tibi</span> <span class='ocrx_word' id='word_1_172' title='bbox 416 2122 537 2182; x_wconf 89' lang='lat' dir='ltr'>magnas</span> <span class='ocrx_word' id='word_1_173' title='bbox 557 2123 628 2184; x_wconf 89' lang='lat' dir='ltr'>opes</span> <span class='ocrx_word' id='word_1_174' title='bbox 648 2107 793 2174; x_wconf 87' lang='lat' dir='ltr'>virorum,</span> <span class='ocrx_word' id='word_1_175' title='bbox 816 2123 968 2167; x_wconf 89' lang='lat' dir='ltr'>armorum</span> <span class='ocrx_word' id='word_1_176' title='bbox 987 2105 1091 2167; x_wconf 89' lang='lat' dir='ltr'>etauri</span> 
     </span>
     <span class='ocr_line' id='line_1_24' title="bbox 109 2188 1091 2267; baseline 0.002 -21"><span class='ocrx_word' id='word_1_177' title='bbox 109 2203 187 2246; x_wconf 89' lang='lat' dir='ltr'>csse:</span> <span class='ocrx_word' id='word_1_178' title='bbox 211 2194 240 2247; x_wconf 93' lang='lat' dir='ltr'>et</span> <span class='ocrx_word' id='word_1_179' title='bbox 259 2206 292 2248; x_wconf 91' lang='lat' dir='ltr'>ea</span> <span class='ocrx_word' id='word_1_180' title='bbox 309 2207 343 2249; x_wconf 90' lang='lat' dir='ltr'>re</span> <span class='ocrx_word' id='word_1_181' title='bbox 366 2208 383 2249; x_wconf 85' lang='lat' dir='ltr'>a</span> <span class='ocrx_word' id='word_1_182' title='bbox 404 2189 489 2249; x_wconf 89' lang='lat' dir='ltr'>nobis</span> <span class='ocrx_word' id='word_1_183' title='bbox 512 2190 549 2250; x_wconf 90' lang='lat' dir='ltr'>ad</span> <span class='ocrx_word' id='word_1_184' title='bbox 567 2191 744 2258; x_wconf 88' lang='lat' dir='ltr'>societatem,</span> <span class='ocrx_word' id='word_1_185' title='bbox 768 2188 805 2250; x_wconf 93' lang='lat' dir='ltr'>ab</span> <span class='ocrx_word' id='word_1_186' title='bbox 819 2188 875 2250; x_wconf 91' lang='lat' dir='ltr'>illis</span> <span class='ocrx_word' id='word_1_187' title='bbox 895 2189 1091 2267; x_wconf 88' lang='lat' dir='ltr'>adpraedam</span> 
     </span>
     <span class='ocr_line' id='line_1_25' title="bbox 108 2268 1090 2350; baseline 0.002 -22"><span class='ocrx_word' id='word_1_188' title='bbox 108 2270 226 2346; x_wconf 89' lang='lat' dir='ltr'>peteris.</span> <span class='ocrx_word' id='word_1_189' title='bbox 272 2268 408 2330; x_wconf 89' lang='lat' dir='ltr'>Ceterum</span> <span class='ocrx_word' id='word_1_190' title='bbox 433 2272 585 2344; x_wconf 90' lang='lat' dir='ltr'>consilium</span> <span class='ocrx_word' id='word_1_191' title='bbox 607 2279 664 2342; x_wconf 90' lang='lat' dir='ltr'>est,</span> <span class='ocrx_word' id='word_1_192' title='bbox 689 2273 825 2350; x_wconf 81' lang='lat' dir='ltr'>Tigranis</span> <span class='ocrx_word' id='word_1_193' title='bbox 846 2289 940 2350; x_wconf 85' lang='lat' dir='ltr'>regno</span> <span class='ocrx_word' id='word_1_194' title='bbox 966 2273 1090 2349; x_wconf 85' lang='lat' dir='ltr'>integro,</span> 
     </span>
     <span class='ocr_line' id='line_1_26' title="bbox 74 2349 1090 2435; baseline 0.002 -23"><span class='ocrx_word' id='word_1_195' title='bbox 74 2353 181 2414; x_wconf 68' lang='lat' dir='ltr'>romeis</span> <span class='ocrx_word' id='word_1_196' title='bbox 200 2349 340 2413; x_wconf 90' lang='lat' dir='ltr'>militibus</span> <span class='ocrx_word' id='word_1_197' title='bbox 358 2352 427 2413; x_wconf 91' lang='lat' dir='ltr'>belli</span> <span class='ocrx_word' id='word_1_198' title='bbox 446 2354 654 2431; x_wconf 88' lang='lat' dir='ltr'>prudentibus,</span> <span class='ocrx_word' id='word_1_199' title='bbox 680 2355 785 2432; x_wconf 92' lang='lat' dir='ltr'>procul</span> <span class='ocrx_word' id='word_1_200' title='bbox 812 2355 849 2415; x_wconf 93' lang='lat' dir='ltr'>ab</span> <span class='ocrx_word' id='word_1_201' title='bbox 876 2356 963 2415; x_wconf 91' lang='lat' dir='ltr'>domo</span> <span class='ocrx_word' id='word_1_202' title='bbox 986 2353 1090 2435; x_wconf 84' lang='lat' dir='ltr'>[parvo</span> 
     </span>
     <span class='ocr_line' id='line_1_27' title="bbox 107 2434 1090 2518; baseline 0.004 -24"><span class='ocrx_word' id='word_1_203' title='bbox 107 2434 223 2516; x_wconf 89' lang='lat' dir='ltr'>labore]</span> <span class='ocrx_word' id='word_1_204' title='bbox 246 2453 300 2512; x_wconf 90' lang='lat' dir='ltr'>per</span> <span class='ocrx_word' id='word_1_205' title='bbox 325 2443 425 2497; x_wconf 88' lang='lat' dir='ltr'>nostra</span> <span class='ocrx_word' id='word_1_206' title='bbox 447 2454 572 2516; x_wconf 90' lang='lat' dir='ltr'>corpora</span> <span class='ocrx_word' id='word_1_207' title='bbox 591 2436 702 2498; x_wconf 93' lang='lat' dir='ltr'>bellum</span> <span class='ocrx_word' id='word_1_208' title='bbox 724 2437 885 2509; x_wconf 84' lang='lat' dir='ltr'>conficere,</span> <span class='ocrx_word' id='word_1_209' title='bbox 914 2456 973 2518; x_wconf 93' lang='lat' dir='ltr'>quo</span> <span class='ocrx_word' id='word_1_210' title='bbox 994 2455 1090 2516; x_wconf 87' lang='lat' dir='ltr'>neque</span> 
     </span>
     <span class='ocr_line' id='line_1_28' title="bbox 107 2518 1138 2599; baseline -0.004 -21"><span class='ocrx_word' id='word_1_211' title='bbox 107 2520 222 2580; x_wconf 87' lang='lat' dir='ltr'>vincere</span> <span class='ocrx_word' id='word_1_212' title='bbox 235 2538 332 2599; x_wconf 86' lang='lat' dir='ltr'>neque</span> <span class='ocrx_word' id='word_1_213' title='bbox 343 2520 419 2579; x_wconf 88' lang='lat' dir='ltr'>vinci</span> <span class='ocrx_word' id='word_1_214' title='bbox 431 2521 494 2581; x_wconf 93' lang='lat' dir='ltr'>sine</span> <span class='ocrx_word' id='word_1_215' title='bbox 507 2527 557 2581; x_wconf 92' lang='lat' dir='ltr'>tuo</span> <span class='ocrx_word' id='word_1_216' title='bbox 568 2518 699 2598; x_wconf 80' lang='lat' dir='ltr'>periculo</span> <span class='ocrx_word' id='word_1_217' title='bbox 722 2537 887 2597; x_wconf 91' lang='lat' dir='ltr'>possumus.</span> <span class='ocrx_word' id='word_1_218' title='bbox 911 2522 956 2581; x_wconf 81' lang='lat' dir='ltr'>An</span> <span class='ocrx_word' id='word_1_219' title='bbox 969 2522 1088 2598; x_wconf 85' lang='lat' dir='ltr'>ignoras</span> <span class='ocrx_word' id='word_1_220' title='bbox 1107 2525 1138 2575; x_wconf 82' lang='lat'>1⁷</span> 
     </span>
     <span class='ocr_line' id='line_1_29' title="bbox 107 2602 1090 2683; baseline 0.003 -21"><span class='ocrx_word' id='word_1_221' title='bbox 107 2602 264 2673; x_wconf 82' lang='lat' dir='ltr'>Romanos,</span> <span class='ocrx_word' id='word_1_222' title='bbox 280 2609 435 2681; x_wconf 91' lang='lat' dir='ltr'>postquam</span> <span class='ocrx_word' id='word_1_223' title='bbox 449 2604 486 2664; x_wconf 95' lang='lat' dir='ltr'>ad</span> <span class='ocrx_word' id='word_1_224' title='bbox 498 2604 678 2664; x_wconf 89' lang='lat' dir='ltr'>occidentem</span> <span class='ocrx_word' id='word_1_225' title='bbox 688 2603 881 2683; x_wconf 86' lang='lat' dir='ltr'>pergentibus</span> <span class='ocrx_word' id='word_1_226' title='bbox 894 2606 982 2665; x_wconf 90' lang='lat' dir='ltr'>finem</span> <span class='ocrx_word' id='word_1_227' title='bbox 999 2603 1090 2665; x_wconf 88' lang='lat' dir='ltr'>Ocea·</span> 
     </span>
     <span class='ocr_line' id='line_1_30' title="bbox 107 2685 1090 2765; baseline 0.004 -21"><span class='ocrx_word' id='word_1_228' title='bbox 107 2704 163 2745; x_wconf 87' lang='lat' dir='ltr'>nus</span> <span class='ocrx_word' id='word_1_229' title='bbox 184 2685 267 2756; x_wconf 85' lang='lat' dir='ltr'>iecit,</span> <span class='ocrx_word' id='word_1_230' title='bbox 288 2703 369 2746; x_wconf 87' lang='lat' dir='ltr'>arma</span> <span class='ocrx_word' id='word_1_231' title='bbox 388 2685 448 2747; x_wconf 87' lang='lat' dir='ltr'>buc</span> <span class='ocrx_word' id='word_1_232' title='bbox 464 2687 662 2748; x_wconf 74' lang='lat' dir='ltr'>convertisse?</span> <span class='ocrx_word' id='word_1_233' title='bbox 684 2704 780 2764; x_wconf 90' lang='lat' dir='ltr'>neque</span> <span class='ocrx_word' id='word_1_234' title='bbox 797 2689 953 2765; x_wconf 88' lang='lat' dir='ltr'>quicquam</span> <span class='ocrx_word' id='word_1_235' title='bbox 976 2689 1090 2765; x_wconf 88' lang='lat' dir='ltr'>aprin-</span> 
     </span>
     <span class='ocr_line' id='line_1_31' title="bbox 67 2772 1090 2850; baseline -0.003 -18"><span class='ocrx_word' id='word_1_236' title='bbox 67 2773 180 2850; x_wconf 78' lang='lat' dir='ltr'>oooipio</span> <span class='ocrx_word' id='word_1_237' title='bbox 213 2772 271 2832; x_wconf 88' lang='lat' dir='ltr'>nisi</span> <span class='ocrx_word' id='word_1_238' title='bbox 303 2776 334 2834; x_wconf 76' lang='lat' dir='ltr'>oi</span> <span class='ocrx_word' id='word_1_239' title='bbox 364 2781 481 2850; x_wconf 86' lang='lat' dir='ltr'>partum</span> <span class='ocrx_word' id='word_1_240' title='bbox 511 2773 640 2844; x_wconf 88' lang='lat' dir='ltr'>habere,</span> <span class='ocrx_word' id='word_1_241' title='bbox 674 2772 794 2833; x_wconf 91' lang='lat' dir='ltr'>domum</span> <span class='ocrx_word' id='word_1_242' title='bbox 821 2774 975 2850; x_wconf 86' lang='lat' dir='ltr'>coniuges,</span> <span class='ocrx_word' id='word_1_243' title='bbox 1001 2785 1090 2849; x_wconf 83' lang='lat' dir='ltr'>agros</span> 
     </span>
     <span class='ocr_line' id='line_1_32' title="bbox 99 2853 1090 2937; baseline -0.002 -21"><span class='ocrx_word' id='word_1_244' title='bbox 99 2857 277 2934; x_wconf 82' lang='lat' dir='ltr'>imperiuml</span> <span class='ocrx_word' id='word_1_245' title='bbox 312 2875 458 2918; x_wconf 83' lang='lat' dir='ltr'>convenas</span> <span class='ocrx_word' id='word_1_246' title='bbox 486 2854 567 2917; x_wconf 84' lang='lat' dir='ltr'>olim</span> <span class='ocrx_word' id='word_1_247' title='bbox 584 2858 649 2918; x_wconf 91' lang='lat' dir='ltr'>sine</span> <span class='ocrx_word' id='word_1_248' title='bbox 676 2858 772 2933; x_wconf 88' lang='lat' dir='ltr'>patria</span> <span class='ocrx_word' id='word_1_249' title='bbox 799 2855 984 2937; x_wconf 81' lang='lat' dir='ltr'>parentibus,</span> <span class='ocrx_word' id='word_1_250' title='bbox 1010 2853 1090 2933; x_wconf 87' lang='lat' dir='ltr'>pesti</span> 
     </span>
     <span class='ocr_line' id='line_1_33' title="bbox 106 2934 1088 3018; baseline -0.007 -15"><span class='ocrx_word' id='word_1_251' title='bbox 106 2944 238 3003; x_wconf 87' lang='lat' dir='ltr'>conditos</span> <span class='ocrx_word' id='word_1_252' title='bbox 265 2941 345 3002; x_wconf 88' lang='lat' dir='ltr'>orbis</span> <span class='ocrx_word' id='word_1_253' title='bbox 366 2949 529 3002; x_wconf 88' lang='lat' dir='ltr'>terrarum:</span> <span class='ocrx_word' id='word_1_254' title='bbox 559 2939 664 3018; x_wconf 88' lang='lat' dir='ltr'>quibus</span> <span class='ocrx_word' id='word_1_255' title='bbox 685 2956 745 3000; x_wconf 91' lang='lat' dir='ltr'>nou</span> <span class='ocrx_word' id='word_1_256' title='bbox 767 2937 894 3000; x_wconf 85' lang='lat' dir='ltr'>humana</span> <span class='ocrx_word' id='word_1_257' title='bbox 909 2934 971 2998; x_wconf 91' lang='lat' dir='ltr'>ulla</span> <span class='ocrx_word' id='word_1_258' title='bbox 992 2954 1088 3014; x_wconf 87' lang='lat' dir='ltr'>neque</span> 
     </span>
     <span class='ocr_line' id='line_1_34' title="bbox 106 3019 1087 3102; baseline -0.008 -16"><span class='ocrx_word' id='word_1_259' title='bbox 106 3027 202 3086; x_wconf 88' lang='lat' dir='ltr'>diviua</span> <span class='ocrx_word' id='word_1_260' title='bbox 224 3024 355 3093; x_wconf 87' lang='lat' dir='ltr'>obstant,</span> <span class='ocrx_word' id='word_1_261' title='bbox 385 3026 456 3102; x_wconf 92' lang='lat' dir='ltr'>quin</span> <span class='ocrx_word' id='word_1_262' title='bbox 488 3027 583 3084; x_wconf 90' lang='lat' dir='ltr'>socios</span> <span class='ocrx_word' id='word_1_263' title='bbox 613 3025 737 3092; x_wconf 88' lang='lat' dir='ltr'>amicos,</span> <span class='ocrx_word' id='word_1_264' title='bbox 769 3019 873 3099; x_wconf 90' lang='lat' dir='ltr'>procul</span> <span class='ocrx_word' id='word_1_265' title='bbox 904 3021 983 3080; x_wconf 83' lang='lat' dir='ltr'>iuxta</span> <span class='ocrx_word' id='word_1_266' title='bbox 1007 3020 1087 3089; x_wconf 90' lang='lat' dir='ltr'>sitos,</span> 
     </span>
     <span class='ocr_line' id='line_1_35' title="bbox 106 3104 1088 3187; baseline -0.007 -19"><span class='ocrx_word' id='word_1_267' title='bbox 106 3110 208 3187; x_wconf 85' lang='lat' dir='ltr'>inopes</span> <span class='ocrx_word' id='word_1_268' title='bbox 230 3108 415 3186; x_wconf 82' lang='lat' dir='ltr'>potentisque</span> <span class='ocrx_word' id='word_1_269' title='bbox 437 3106 554 3165; x_wconf 88' lang='lat' dir='ltr'>trahant</span> <span class='ocrx_word' id='word_1_270' title='bbox 571 3105 734 3175; x_wconf 86' lang='lat' dir='ltr'>excludant,</span> <span class='ocrx_word' id='word_1_271' title='bbox 758 3104 913 3180; x_wconf 89' lang='lat' dir='ltr'>omniaque</span> <span class='ocrx_word' id='word_1_272' title='bbox 928 3118 988 3162; x_wconf 89' lang='lat' dir='ltr'>uon</span> <span class='ocrx_word' id='word_1_273' title='bbox 1003 3118 1088 3162; x_wconf 88' lang='lat' dir='ltr'>serva</span> 
     </span>
    </p>
   </div>
   <div class='ocr_carea' id='block_1_3' title="bbox 71 3182 1141 3515">
    <p class='ocr_par' dir='ltr' id='par_1_3' title="bbox 71 3182 1141 3515">
     <span class='ocr_line' id='line_1_36' title="bbox 71 3182 1140 3265; baseline -0.007 -16"><span class='ocrx_word' id='word_1_274' title='bbox 71 3200 135 3253; x_wconf 79' lang='lat' dir='ltr'>sset</span> <span class='ocrx_word' id='word_1_275' title='bbox 162 3208 298 3253; x_wconf 85' lang='lat' dir='ltr'>maxume</span> <span class='ocrx_word' id='word_1_276' title='bbox 326 3204 417 3265; x_wconf 83' lang='lat' dir='ltr'>regna</span> <span class='ocrx_word' id='word_1_277' title='bbox 445 3189 559 3249; x_wconf 86' lang='lat' dir='ltr'>hostilia</span> <span class='ocrx_word' id='word_1_278' title='bbox 580 3189 705 3250; x_wconf 85' lang='lat' dir='ltr'>ducantl</span> <span class='ocrx_word' id='word_1_279' title='bbox 733 3186 865 3264; x_wconf 86' lang='lat' dir='ltr'>Namque</span> <span class='ocrx_word' id='word_1_280' title='bbox 889 3185 977 3262; x_wconf 91' lang='lat' dir='ltr'>pauci</span> <span class='ocrx_word' id='word_1_281' title='bbox 999 3182 1088 3245; x_wconf 88' lang='lat' dir='ltr'>liber·</span> <span class='ocrx_word' id='word_1_282' title='bbox 1110 3192 1140 3243; x_wconf 86' lang='lat'>18</span> 
     </span>
     <span class='ocr_line' id='line_1_37' title="bbox 105 3268 1089 3354; baseline -0.009 -19"><span class='ocrx_word' id='word_1_283' title='bbox 105 3283 209 3347; x_wconf 88' lang='lat' dir='ltr'>tatem,</span> <span class='ocrx_word' id='word_1_284' title='bbox 236 3292 307 3354; x_wconf 90' lang='lat' dir='ltr'>pars</span> <span class='ocrx_word' id='word_1_285' title='bbox 329 3290 433 3351; x_wconf 84' lang='lat' dir='ltr'>magna</span> <span class='ocrx_word' id='word_1_286' title='bbox 462 3274 553 3332; x_wconf 88' lang='lat' dir='ltr'>iustos</span> <span class='ocrx_word' id='word_1_287' title='bbox 580 3272 713 3334; x_wconf 90' lang='lat' dir='ltr'>dominos</span> <span class='ocrx_word' id='word_1_288' title='bbox 738 3269 852 3330; x_wconf 88' lang='lat' dir='ltr'>volunt:</span> <span class='ocrx_word' id='word_1_289' title='bbox 883 3286 938 3353; x_wconf 72' lang='lat' dir='ltr'>nos</span> <span class='ocrx_word' id='word_1_290' title='bbox 962 3268 1089 3343; x_wconf 88' lang='lat' dir='ltr'>suspecti</span> 
     </span>
     <span class='ocr_line' id='line_1_38' title="bbox 105 3351 1141 3434; baseline -0.008 -17"><span class='ocrx_word' id='word_1_291' title='bbox 105 3377 206 3421; x_wconf 89' lang='lat' dir='ltr'>sumus</span> <span class='ocrx_word' id='word_1_292' title='bbox 227 3356 334 3420; x_wconf 88' lang='lat' dir='ltr'>aemuli</span> <span class='ocrx_word' id='word_1_293' title='bbox 355 3362 384 3416; x_wconf 90' lang='lat' dir='ltr'>et</span> <span class='ocrx_word' id='word_1_294' title='bbox 403 3358 434 3417; x_wconf 93' lang='lat' dir='ltr'>iu</span> <span class='ocrx_word' id='word_1_295' title='bbox 455 3363 589 3434; x_wconf 88' lang='lat' dir='ltr'>tempore</span> <span class='ocrx_word' id='word_1_296' title='bbox 608 3356 737 3417; x_wconf 80' lang='lat' dir='ltr'>vindices</span> <span class='ocrx_word' id='word_1_297' title='bbox 759 3352 897 3415; x_wconf 83' lang='lat' dir='ltr'>adfuturi.</span> <span class='ocrx_word' id='word_1_298' title='bbox 939 3351 986 3414; x_wconf 93' lang='lat' dir='ltr'>Tu</span> <span class='ocrx_word' id='word_1_299' title='bbox 1008 3369 1088 3421; x_wconf 88' lang='lat' dir='ltr'>vero,</span> <span class='ocrx_word' id='word_1_300' title='bbox 1110 3359 1141 3410; x_wconf 72' lang='lat' dir='ltr'>le</span> 
     </span>
     <span class='ocr_line' id='line_1_39' title="bbox 106 3433 1088 3515; baseline -0.009 -11"><span class='ocrx_word' id='word_1_301' title='bbox 106 3444 153 3504; x_wconf 87' lang='lat' dir='ltr'>cui</span> <span class='ocrx_word' id='word_1_302' title='bbox 175 3441 329 3512; x_wconf 89' lang='lat' dir='ltr'>Seleucea,</span> <span class='ocrx_word' id='word_1_303' title='bbox 352 3457 488 3503; x_wconf 82' lang='lat' dir='ltr'>maxuma</span> <span class='ocrx_word' id='word_1_304' title='bbox 500 3439 635 3510; x_wconf 90' lang='lat' dir='ltr'>urbium,</span> <span class='ocrx_word' id='word_1_305' title='bbox 655 3455 839 3515; x_wconf 85' lang='lat' dir='ltr'>regnumque</span> <span class='ocrx_word' id='word_1_306' title='bbox 856 3435 985 3497; x_wconf 89' lang='lat' dir='ltr'>Persidis</span> <span class='ocrx_word' id='word_1_307' title='bbox 996 3433 1088 3495; x_wconf 89' lang='lat' dir='ltr'>inelu-</span> 
     </span>
    </p>
   </div>
   <div class='ocr_carea' id='block_1_4' title="bbox 0 0 1200 3848">
    <p class='ocr_par' dir='ltr' id='par_1_4' title="bbox 0 0 1200 3848">
     <span class='ocr_line' id='line_1_40' title="bbox 0 0 1200 3848; baseline 0 3"><span class='ocrx_word' id='word_1_308' title='bbox 0 0 1200 3848; x_wconf 95' lang='lat' dir='ltr'> </span> 
     </span>
    </p>
   </div>
  </div>
 </body>
</html>
