2392 3848
261 224 294 267 n.
316 222 345 267 o.
368 222 396 268 o.
419 223 447 266 e.
469 213 513 268 61.
556 224 598 266 ns
619 224 719 266 nunno
741 223 807 269 ινα.
830 223 858 266 e.
882 214 908 266 l.
930 213 957 264 a.
1038 198 1078 260 37

100 371 215 434 hostilia
232 374 372 435 cadavera
385 372 512 432 amioum
527 367 583 438 alii,
604 385 673 446 pars
688 365 833 444 hospitem
855 372 904 428 ant
923 373 1080 444 cognatum

101 455 299 535 reperiebant:
318 456 400 517 luere
414 455 483 515 item
498 453 549 531 qui
562 452 696 513 inimicos
711 466 779 510 suos
797 457 1016 528 cognoscerent.
1038 450 1108 516 lton

101 542 180 600 varie
201 557 255 618 per
278 557 395 600 omnem
417 538 578 599 exercitum
597 534 705 596 laetitia
726 551 853 604 maeror,
874 533 971 597 luctus
993 541 1080 612 atque

102 624 206 700 gaudia
222 622 416 700 agitabontur.

490 870 690 879 *an-u·-

302 1113 399 1202 uni
426 1119 683 1201 SALLVSTI
711 1119 883 1202 CRISPI

537 1320 648 1370 LIBER

208 1496 286 1584 DE
322 1493 525 1582 BELLO
565 1494 964 1585 IVGVRTHINO

515 1711 665 1722 ...-.---

78 1893 91 1932 s
190 1852 285 1940 Falso
305 1875 438 1954 queritur
454 1877 490 1936 de
511 1884 615 1937 natura
632 1894 685 1937 sna
699 1893 792 1952 genus
805 1877 981 1946 humanum,
1002 1880 1106 1955 quodi

100 1957 235 2021 inbecilla
247 1965 334 2038 atque
346 1960 409 2019 aevi
422 1958 521 2020 brevis
535 1958 611 2020 iorte
621 1961 719 2037 potius
729 1976 817 2037 quam
828 1960 934 2021 virtute
948 1968 1077 2036 regatur.

99 2041 174 2103 Nam
191 2048 293 2105 eontra
314 2041 479 2121 reputando
500 2061 596 2121 neque
617 2044 712 2105 maius
734 2041 811 2104 aliud
834 2061 931 2123 neque
949 2052 1105 2122 praesta-2

99 2124 185 2187 bilius
197 2126 328 2188 invenias
338 2127 491 2207 magisque
505 2133 626 2189 naturae
639 2125 812 2189 industriam
825 2126 977 2188 bominum
993 2145 1080 2208 quam

99 2210 225 2270 rimant
245 2216 361 2288 tempus
380 2210 490 2272 deesse.
511 2210 563 2273 Set
572 2211 633 2272 dux
642 2219 732 2290 atque
743 2211 904 2289 imperator
912 2212 986 2274 vitae
1001 2227 1106 2278 mor-3

65 2307 89 2348 ro
99 2290 199 2353 talium
209 2293 324 2355 animm
341 2299 393 2354 est.
408 2295 463 2368 Qui
477 2293 529 2354 ubi
544 2294 581 2353 ad
595 2292 719 2370 gloriam
734 2294 845 2355 virtutis
858 2296 902 2355 ria
918 2303 1076 2371 grassatur,

98 2373 215 2436 abunde
235 2375 349 2452 pollens
368 2382 531 2454 potensque
545 2383 574 2436 et
592 2375 691 2437 clarus
705 2383 749 2437 est
764 2394 859 2455 neque
879 2377 996 2437 fortuna
1014 2386 1079 2454 eget

100 2491 135 2502 -—
153 2460 261 2537 quippe
275 2456 452 2536 probitatem
467 2459 639 2521 industriam
653 2458 782 2538 aliasque
794 2461 864 2520 artis
876 2459 970 2520 bonas
983 2478 1078 2539 neque

98 2542 169 2602 dane
188 2559 285 2620 neque
303 2541 420 2622 eripete
442 2542 578 2620 cuiquam
594 2547 692 2621 potest
715 2563 769 2603 -ι
791 2543 835 2603 sin
861 2551 962 2621 captus
982 2545 1106 2620 pravis4

100 2624 286 2703 cupidinibus
296 2624 334 2685 ad
350 2626 486 2687 inertiam
496 2632 526 2688 et
536 2625 699 2704 voluptates
715 2627 847 2704 eorporis
861 2643 981 2703 pessum
995 2628 1079 2689 datus

63 2728 87 2766 ss
99 2715 156 2778 est,
179 2710 338 2786 pernitiosa
357 2708 487 2771 lubidine
501 2709 649 2787 paulisper
667 2727 752 2778 usus,
776 2707 828 2768 ubi
842 2726 896 2786 per
915 2711 1079 2773 socordiam

97 2793 174 2853 vires
194 2799 311 2871 tempus
331 2793 481 2870 ingenium
498 2792 661 2862 diffluxere,
678 2799 800 2854 naturae
820 2793 972 2855 infirmitas
992 2813 1078 2856 aceu-

96 2881 194 2936 satur:
209 2893 293 2937 suam
310 2878 433 2955 quisque
446 2876 563 2957 orslpam
577 2884 692 2938 autores
704 2875 740 2937 ad
758 2879 875 2953 negotia
888 2878 1077 2940 transierunt.

97 2958 181 3030 Quod
196 2961 221 3020 si
235 2959 403 3023 bominibus
418 2959 564 3022 bonarum
578 2978 681 3023 rerum
693 2966 771 3021 tanta
785 2977 856 3022 sura
868 2968 952 3029 esset,
970 2970 1104 3040 quarrtos

95 3041 191 3103 studio
206 3042 300 3105 aliena
318 3061 352 3105 ao
375 3043 446 3105 nibil
465 3044 621 3124 profutura
639 3043 788 3122 mrdtaque
808 3045 895 3104 etiam
914 3045 1079 3121 periculosa

61 3146 86 3187 ao
95 3142 133 3188 oc
144 3129 307 3202 punitura
318 3132 430 3204 petunt,
446 3144 544 3206 neque
553 3133 728 3205 regerentur
737 3127 830 3204 mais
842 3144 930 3205 quam
941 3134 1078 3204 regerent

96 3226 181 3271 oasus
203 3217 233 3272 et
246 3227 282 3271 eo
302 3209 509 3287 magnitudinis
528 3212 737 3289 procederent,
759 3209 811 3272 ubi
829 3228 887 3289 pro
906 3210 1078 3270 mortalibus

94 3290 187 3370 gloria
208 3295 321 3356 aeterni
338 3293 453 3354 fierent.
476 3293 551 3355 Nam
565 3296 606 3357 uti
620 3310 713 3370 genus
726 3294 879 3357 bominum
894 3295 1076 3371 conpositum
1090 3302 1108 3360 2

95 3393 131 3437 ex
152 3394 278 3455 corpore
300 3384 330 3438 et
347 3377 442 3438 anima
458 3383 512 3447 est,
533 3378 573 3438 ita
594 3393 643 3438 res
658 3383 781 3439 ounotae
802 3377 958 3455 studiaque
981 3379 1076 3438 omnia

93 3467 194 3519 nostra
217 3462 350 3540 eorporis
372 3460 436 3532 dia,
461 3459 515 3522 alia
535 3461 623 3523 animi
640 3465 779 3522 naturam
798 3465 957 3520 seountus.
987 3459 1153 3576 lup&
