2392 3848
218 218 262 257 on
285 216 456 259 carrarum:
480 218 720 260 oonrvnnrrons
741 216 770 262 c.
792 207 837 260 24.-
855 207 898 261 25.
919 207 963 261 26.
1041 196 1078 254 13

102 381 193 424 novos
216 363 337 442 adeptus
355 363 439 424 foret.
481 365 531 425 Set
551 366 602 426 ubi
629 363 792 441 periculum
817 363 945 431 advenit,
973 362 1078 423 invidia

103 454 190 524 atquc
208 446 346 524 superbia
364 455 430 522 post
448 446 540 508 luere.

184 529 275 605 Igitur
297 531 419 590 comitiis
437 529 541 590 habitis
558 532 692 592 consules
711 530 898 592 declarantur
913 530 950 590 Μ.
967 526 1129 589 nulliusne

103 620 131 672 et
145 614 179 674 G.
195 613 345 673 Antonius.
369 611 453 681 Quod
469 613 578 674 lactum
592 617 688 691 primo
705 614 856 692 popularis
871 614 1104 674 coniurationis2

79 701 298 757 sconeusserat.
319 696 422 773 Neque
441 703 539 757 tamen
554 696 692 758 Catilinae
708 699 794 757 furor
812 696 1014 765 minuebatur,
1034 703 1079 756 set

100 780 131 838 ln
150 779 211 838 dies
230 778 314 854 plara
329 779 448 853 agitare,
461 795 541 836 arma
556 794 611 852 per
625 775 736 836 ltaliam
750 777 822 837 locis
837 781 1009 856 opportunis
1026 796 1077 855 pa·

101 878 182 930 rare,
205 861 360 936 pecuniam
382 876 434 918 sua
456 866 506 918 aut
526 862 684 919 amicorum
702 859 760 919 tide
778 867 924 935 sumptam
947 868 1077 920 mutuam

100 942 238 1004 Faesulas
259 942 295 1002 ad
316 940 453 1001 Manlium
475 942 620 1020 quendam
641 950 775 1019 portare,
800 944 849 1019 qui
873 950 974 1019 postea
995 944 1076 1019 prin·

101 1043 170 1104 ceps
184 1027 239 1088 luit
253 1023 323 1085 belli
338 1025 475 1085 faciundi.
511 1025 552 1085 Ea
572 1031 744 1103 tempestate
761 1024 914 1102 plurumos
937 1028 1105 1104 cuiusquea

71 1131 96 1172 rc
105 1112 220 1186 generis
240 1108 375 1169 homines
395 1107 548 1168 adscivisse
569 1108 625 1169 sibi
644 1109 758 1177 dicitur,
775 1108 912 1170 mulieres
927 1110 1013 1170 etiam
1027 1109 1077 1169 ali-

100 1200 185 1271 quot,
212 1211 287 1272 quae
308 1193 404 1270 primo
425 1192 551 1267 ingentis
572 1200 705 1271 sumptus
725 1199 827 1269 stupro
850 1194 983 1270 corporis
1004 1193 1076 1253 tole·

98 1283 249 1346 revocant,
270 1281 338 1352 post
358 1274 410 1333 ubi
425 1280 503 1335 aetas
525 1281 636 1335 tantum
658 1275 745 1335 modo
767 1277 899 1354 quaestui
920 1293 1017 1353 neque
1032 1275 1076 1335 lu·

99 1360 201 1420 auriae
222 1359 342 1419 modum
366 1357 490 1426 lecerat,
519 1375 568 1418 aes
590 1358 716 1418 alienum
737 1359 849 1434 grande
870 1358 1075 1420 conflaverant.

99 1441 224 1502 Parcas
244 1460 276 1502 se
297 1440 415 1502 Catilina
439 1440 577 1501 credebat
597 1458 684 1518 posse
706 1443 822 1501 servitia
844 1442 956 1501 urbana
971 1441 1103 1506 sollici-4

66 1529 176 1596 astare,
196 1524 302 1586 urbem
319 1524 486 1592 incendere,
508 1526 586 1584 viros
600 1543 702 1584 earum
722 1523 768 1584 vel
787 1525 946 1600 adiungere
962 1524 1017 1584 sibi
1031 1525 1075 1583 vel

99 1608 274 1669 interlicere.

183 1691 233 1751 Set
254 1694 283 1750 in
305 1692 347 1752 eis
370 1698 432 1751 erat
453 1690 640 1768 Sempronia,
670 1709 745 1770 quae
766 1691 856 1750 multa
879 1690 1125 1767 saeperirilisii

100 1775 238 1835 audaciae
256 1773 385 1833 facinora
408 1776 590 1834 conmiserat.
635 1774 715 1835 Haec
736 1773 841 1834 mulier
860 1790 968 1849 genere
990 1781 1101 1851 aequet

99 1856 209 1924 forma,
236 1863 389 1934 praeterea
411 1859 474 1915 viro
499 1857 599 1917 liberis
620 1859 688 1918 satis
708 1857 855 1916 fortunata
877 1857 943 1916 luit:
973 1856 1076 1916 litteris

65 1939 219 2004 nGraecis
241 1945 270 2000 et
287 1939 395 1999 Latinis
415 1938 513 2009 docta,
533 1941 658 2016 psallere
679 1938 784 1999 saltare
807 1939 966 2013 elegantius
989 1955 1075 2015 quam

97 2040 219 2084 necesse
241 2030 285 2084 cst
304 2020 430 2100 probae,
452 2022 543 2084 multa
559 2024 623 2092 alia,
639 2041 714 2102 quae
732 2023 924 2082 instrumenta
943 2021 1076 2081 luxuriae

98 2114 174 2166 sunt.
207 2107 258 2169 Set
280 2107 306 2168 ei
327 2107 441 2167 cariora
462 2124 580 2184 semper
598 2108 694 2166 omnia
711 2124 798 2184 quam
816 2106 906 2165 decus
921 2111 1007 2182 atque
1021 2115 1102 2180 pu·3

98 2191 193 2251 dicitia
211 2191 278 2252 luit:
296 2191 438 2268 pecuniae
456 2207 493 2249 an
508 2190 601 2251 lamae
616 2191 712 2250 minus
727 2195 877 2265 parceret,
899 2188 970 2248 haut
991 2187 1075 2246 lacile

98 2275 295 2335 discerneres:
320 2271 450 2334 lubidine
468 2275 511 2334 sic
525 2274 664 2342 adcensa,
687 2280 720 2332 nt
738 2272 854 2348 saepius
870 2278 983 2348 peteret
997 2271 1075 2329 viros
1149 2304 1152 2309 -

64 2375 185 2436 isquam
202 2365 360 2434 peteretur.
407 2356 458 2416 Set
479 2375 513 2416 ca
534 2373 621 2433 saepe
641 2355 765 2415 antehac
784 2354 873 2414 tidem
893 2353 1100 2430 prodiderata

98 2439 241 2500 creditum
255 2439 456 2506 obturaverat,
481 2439 577 2498 caedis
592 2439 707 2498 conscia
721 2437 831 2496 iuerat:
853 2434 967 2496 luxuria
988 2442 1075 2514 atque

98 2523 194 2599 inopia
210 2538 351 2599 praeceps
367 2519 486 2581 abierat.
517 2521 625 2581 Verum
644 2520 794 2596 ingenium
809 2520 871 2579 eius
885 2519 957 2579 haut
973 2517 1075 2579 absur·
1086 2532 1166 2585 5...

98 2607 182 2666 dum:
197 2622 283 2683 posse
299 2621 401 2664 versus
418 2604 530 2672 lacere,
554 2606 649 2663 iocum
665 2620 799 2671 movere,
820 2619 956 2663 sermone
976 2605 1016 2662 uti
1032 2601 1077 2662 vel

98 2688 230 2748 modesto
246 2688 289 2749 vel
303 2687 384 2747 molli
398 2687 444 2751 vel
459 2687 593 2764 procaci:
610 2703 733 2763 prorsus
747 2683 855 2746 multae
867 2685 986 2744 facetiae
1001 2685 1075 2744 mul·

65 2792 90 2833 ao
99 2779 204 2848 tusque
221 2770 303 2847 lepos
317 2773 419 2830 inerat.

181 2853 233 2915 His
243 2853 332 2914 rebus
343 2854 509 2932 conparatis
520 2851 638 2912 Catilina
650 2851 740 2912 nihilo
751 2854 847 2912 minus
858 2852 888 2910 in
899 2868 1075 2928 proxummn
1087 2850 1126 2913 26

100 2957 207 2999 annum
230 2937 411 2998 consulatum
432 2935 562 3015 petebat,
591 2953 727 3014 sperans,
755 2937 779 2995 si
801 2935 968 3010 designatus
989 2935 1075 3003 toret,

99 3021 181 3083 iacile
209 3038 241 3079 se
266 3038 301 3080 ex
328 3019 474 3081 voluntate
501 3020 625 3079 Antonio
654 3036 787 3080 usurum.
836 3017 938 3094 Neque
966 3018 1077 3078 interea

99 3107 215 3184 quietus
237 3111 309 3171 erat,
332 3110 376 3163 set
396 3102 532 3163 omnibus
547 3102 641 3161 modis
662 3101 780 3161 insidias
795 3099 917 3177 parabat
934 3099 1075 3159 Ciceroni.

64 3211 90 3252 aa
98 3189 200 3266 Neque
223 3185 263 3247 illi
277 3193 375 3246 tamen
396 3185 431 3245 ad
455 3184 614 3245 cavendum
630 3182 714 3243 dolus
732 3191 782 3242 aut
804 3185 924 3243 astutiae
944 3183 1102 3246 deeranta

100 3272 232 3350 Namque
260 3288 277 3330 a
304 3269 447 3346 principio
477 3265 644 3327 consulatus
666 3266 711 3327 sui
731 3265 822 3326 multa
842 3265 1005 3343 pollicendo
1023 3278 1103 3345 pcr3

98 3353 229 3414 Fulviam
247 3353 399 3420 effecerat,
422 3359 455 3411 ut
469 3351 502 3421 Q.
519 3349 637 3419 Curius,
657 3350 694 3411 de
709 3367 768 3428 quo
783 3348 871 3426 paulo
885 3355 952 3409 ante
965 3366 1075 3410 memo-

99 3437 169 3504 raai
186 3436 303 3497 consilia
315 3435 452 3496 Catilinae
468 3433 523 3494 sibi
538 3431 737 3510 proderetld
753 3432 810 3493 hoc
824 3430 977 3506 conlegam
990 3449 1113 3492 suumn
