2392 3848
163 176 203 235 64
335 194 378 233 ne
398 192 500 235 necno
523 192 720 234 avocamento
744 191 770 232 c.
793 183 835 235 ll.
858 182 902 233 42.
924 182 969 235 43.

163 338 257 418 plebis
280 341 322 399 vis
342 338 435 401 soluta
456 348 543 416 atque
564 339 695 414 dispersa
711 338 740 396 iu
761 335 945 401 multitudiue
965 336 1062 395 minus
1084 354 1140 415 po·

137 430 246 483 ¹iterat.
283 422 448 482 Paucorum
469 422 588 480 arbitrio
610 419 679 480 belli
696 419 831 496 domique
847 418 1023 495 agitabatur:
1045 437 1141 496 panos

164 507 282 569 eosdem
303 506 449 571 aerarium
462 505 630 580 provinciae
646 503 840 579 magistratus,
858 500 969 578 gloriae
983 502 1140 581 triumphi·

164 608 221 666 que
242 595 333 655 erant,
353 584 479 666 populus
499 585 699 663 militiamque
717 587 814 662 inopia
835 585 1032 671 urguebatuq:
1053 602 1140 663 praa·

139 672 216 733 8das
245 669 363 731 bellicas
382 668 573 747 Imperatores
601 687 668 735 cum
689 668 791 745 paucis
811 667 998 745 diripiebant:
1021 668 1163 741 intereas

163 761 299 831 parentes
310 760 360 815 aut
371 753 452 831 parvi
467 750 550 813 liberi
563 751 696 820 militum,
709 752 751 811 uti
761 752 882 831 quIsque
896 752 1054 827 poteuucri
1067 768 1139 827 cqu-

136 838 228 897 alinis
251 844 322 904 erat,
343 834 461 896 sedibus
480 834 674 913 pellebantur.
718 833 761 895 lta
782 852 849 895 oum
870 835 998 910 potentia
1020 836 1140 895 aemilia

164 922 226 981 sine
239 920 327 980 modo
340 919 539 995 modestiaque
553 918 700 987 invadere,
717 916 850 993 polluere
867 924 896 976 et
908 925 1019 985 vastare
1030 919 1139 987 omnia,

164 1002 235 1063 nihil
247 1003 334 1081 pensi
355 1018 451 1079 neque
465 1002 557 1061 sancti
571 999 696 1067 babere,
719 1001 815 1077 quoad
832 1008 924 1063 senret
942 1001 1004 1077 ipsa
1023 1002 1140 1079 praeci·

124 1086 273 1163 rupitarit.
295 1083 368 1151 Nam
377 1082 429 1144 ubi
438 1084 566 1160 primum
576 1101 612 1145 ex
622 1081 771 1153 nobilitate
781 1083 890 1160 reperti
901 1091 969 1145 sunt
978 1084 1029 1161 qui
1040 1101 1142 1145 veram
1150 1104 1177 1144 co

164 1169 286 1245 gloriam
307 1167 430 1233 iniustae
450 1167 596 1243 potentiae
616 1175 841 1243 anteponerent,
860 1167 972 1226 moveri
990 1167 1089 1229 civitas
1111 1175 1142 1227 ct

114 1245 154 1303 42
166 1252 305 1313 dissensio
325 1248 413 1313 civilis
434 1251 516 1327 quasi
532 1249 688 1327 pernrixtio
713 1256 809 1309 terrae
831 1250 902 1319 oriri
919 1251 1023 1331 coepit.
1065 1246 1142 1311 Nam

164 1341 318 1413 postquam
332 1331 467 1394 Tiberius
485 1339 513 1393 et
527 1332 561 1395 G.
575 1332 733 1402 Gracchus,
750 1351 875 1410 quorum
887 1333 1015 1401 maiores
1027 1332 1142 1405 hemico

165 1424 251 1495 atque
266 1415 329 1477 aliis
344 1415 428 1477 bellis
441 1414 566 1483 multum
585 1417 628 1477 rei
644 1414 778 1492 publicae
794 1416 974 1484 addiderant,
992 1415 1141 1491 undicpre

165 1498 280 1577 plebem
300 1500 331 1559 in
351 1497 515 1559 libertatem
535 1508 564 1559 et
584 1516 746 1576 paucorum
764 1499 877 1567 scelera
891 1498 1056 1575 patefacere
1071 1512 1174 1559 coe-o

165 1601 244 1659 pere,
268 1580 402 1643 nobilitas
417 1583 503 1647 noxia
519 1589 606 1658 atque
621 1599 656 1640 ec
672 1581 806 1657 perculsa
820 1581 909 1641 modo
922 1599 976 1659 per
993 1582 1089 1643 socios
1103 1600 1142 1655 ac

164 1683 272 1728 nomen
285 1665 429 1731 Latinum,
445 1663 591 1725 interdum
606 1680 660 1740 per
674 1665 785 1741 equites
798 1664 955 1733 Romanos,
979 1682 1053 1743 quos
1071 1680 1141 1747 qpes

164 1749 335 1811 societatisa
349 1746 435 1822 plebe
449 1746 623 1816 dimoverat,
639 1745 840 1817 Gracchorum
851 1747 1014 1808 actionibus
1025 1746 1141 1824 maiam

164 1831 251 1898 ierat,
272 1837 301 1888 et
321 1830 415 1906 primo
437 1828 597 1898 Tiberium,
616 1830 682 1891 dein
703 1848 811 1907 paucos
831 1841 897 1908 post
923 1848 1015 1891 annos
1037 1830 1141 1903 eadem

164 1911 375 1988 ingredientem
386 1911 498 1981 Gaium,
512 1912 662 1974 tribunum
674 1913 806 1981 alterum,
818 1914 942 1975 alterum
956 1915 1174 1989 triumuirum

165 1994 285 2063 coloniis
296 1995 492 2066 deducundis,
510 2015 576 2061 cunr
587 1996 624 2057 bl.
638 1996 741 2056 Fulvio
756 1997 861 2057 Flacco
880 1997 959 2058 lerro
972 2004 1138 2065 necaverat

141 2079 202 2137 aEt
223 2096 293 2139 sane
313 2078 452 2141 Gracchis
473 2080 607 2155 cupidine
629 2080 765 2139 victoriae
786 2080 857 2140 haut
881 2082 950 2140 satis
970 2081 1140 2143 moderatos

140 2161 278 2218 aanimus
291 2161 352 2219 luit
387 2160 437 2218 Set
457 2160 535 2219 bono
552 2163 626 2221 vinci
638 2163 728 2223 satius
741 2171 785 2223 est
798 2181 884 2241 quam
902 2163 978 2225 malo
995 2181 1079 2224 more
1092 2164 1140 2233 in·

140 2241 270 2301 niuriam
285 2243 410 2303 vincere.
454 2242 546 2319 lgitur
561 2263 595 2304 ea
609 2245 728 2306 victoria
744 2245 879 2307 nobilitas
893 2263 928 2307 ex
942 2245 1072 2310 lubidine
1086 2263 1140 2307 sua

166 2342 218 2387 usa
234 2323 340 2389 mrrltos
355 2325 485 2393 mortalts
499 2325 579 2389 lerru
595 2337 646 2391 aut
660 2329 729 2406 luga
744 2331 863 2391 extinxit
877 2330 1001 2408 plusque
1021 2330 1053 2391 in
1069 2328 1138 2391 reli·
1147 2342 1173 2383 2⁵

166 2429 233 2473 cum
248 2409 303 2477 sibi
317 2413 428 2475 timoris
445 2430 532 2493 quam
546 2414 692 2490 potentiae
707 2413 824 2475 addidit.
856 2413 995 2485 Quaeres
1007 2410 1137 2491 plerum·

165 2514 222 2571 que
242 2511 363 2570 magnas
380 2498 508 2563 ciuitates
527 2513 646 2573 pessum
662 2497 748 2565 dedit,
772 2497 841 2559 dum
857 2496 940 2559 alteri
954 2495 1061 2557 alteros
1077 2497 1139 2557 vin·

165 2595 233 2637 cere
257 2578 358 2652 quovis
377 2578 466 2637 modo
483 2586 512 2639 et
527 2580 616 2637 victos
629 2578 764 2638 acerbius
780 2577 880 2649 ulcisci
895 2577 1002 2651 volunt.
1035 2578 1086 2637 Set
1101 2578 1139 2642 de

165 2657 267 2719 studiis
286 2660 413 2736 partium
433 2668 462 2718 et
481 2659 575 2719 omnis
589 2659 708 2725 civitatis
720 2658 853 2720 moribus
868 2660 893 2717 si
906 2656 1072 2735 siugulatim
1087 2672 1138 2719 aut

166 2758 220 2818 pro
241 2741 440 2819 magnitudine
461 2759 562 2821 param
582 2740 740 2809 disserere,
762 2747 878 2819 tempus
898 2760 984 2820 quam
1007 2758 1056 2803 res
1074 2759 1175 2803 mar-ao

140 2826 259 2883 aturius
280 2844 329 2885 me
348 2825 471 2891 deserat.
516 2825 609 2895 Quam
630 2823 667 2885 ob
687 2842 752 2885 rem
772 2824 809 2885 ad
825 2826 974 2903 inceptum
995 2825 1094 2885 redeo.

112 2905 154 2969 43
227 2908 299 2969 Post
308 2908 485 2977 tultoedus
495 2914 699 2986 exercitamque
709 2913 804 2971 riustri
814 2911 929 2969 laedam
941 2910 1146 2986 ingemuere-

165 2987 249 3053 tcllus
267 2998 296 3051 et
307 2991 345 3053 bl.
358 2989 476 3054 Silanus
488 2992 622 3053 consules
638 2993 674 3052 de
689 3003 808 3054 senatus
823 2996 967 3055 sententia
982 2994 1147 3072 provincias

169 3074 245 3133 iuter
260 3091 291 3135 se
305 3074 490 3151 pertinerent,
501 3072 674 3155 Metelloque
689 3075 823 3138 Numidia
838 3087 989 3148 evenerat,
1006 3079 1066 3138 acri
1080 3078 1142 3135 viro

171 3164 199 3217 et
220 3176 395 3236 quamquam
415 3160 538 3221 advorso
559 3159 660 3237 populi
673 3162 799 3237 partium
818 3160 896 3222 lama
916 3170 1012 3223 tamen
1033 3176 1177 3237 aequa-ss

145 3240 221 3303 ahili
249 3249 278 3301 et
297 3240 439 3303 inviolata.
489 3243 519 3303 ls
540 3241 591 3303 ubi
611 3245 739 3320 primum
765 3246 966 3320 magistratum
992 3244 1142 3318 ingressus

172 3332 229 3393 est,
252 3323 308 3387 alia
324 3327 420 3387 omnia
440 3325 495 3386 sibi
518 3343 585 3386 cum
607 3325 728 3403 conlega
748 3333 843 3394 ratus,
866 3326 902 3386 ad
922 3324 1045 3394 bellum,
1064 3327 1142 3404 quod

144 3415 307 3482 agesturus
321 3416 391 3478 erat,
406 3409 533 3468 animum
549 3409 679 3469 intendit.
702 3408 792 3484 igitur
808 3409 941 3469 diffidens
955 3410 1043 3467 reteri
1060 3426 1140 3469 exer·
