2392 3848
121 193 160 253 66
294 213 337 252 ne
355 212 458 255 66666
480 212 680 256 6666666666
706 212 734 256 e.
754 204 798 257 34
822 205 865 258 36
888 204 932 258 36.

121 357 175 418 dit:
194 357 352 435 Iugurthae
366 359 537 437 Bestiaeque
555 361 710 428 etaetatis,
729 356 865 437 quosilla
881 358 1012 436 quaestio
1025 376 1097 419 exa·

121 441 238 518 gitabu,
256 444 344 502 aniani
360 450 529 520 augescunt

70 527 113 591 36
206 525 275 585 Erat
295 542 336 585 66
346 531 516 605 tempestate
537 524 648 585 Romae
671 523 794 585 Numida
817 524 948 621 quidam.
977 525 1098 585 nomine

122 607 250 676 blassira,
266 607 406 669 Gulussae
420 608 509 673 illius,
526 606 692 667 Masinissae
706 616 812 683 nepos,
831 608 880 683 qui
911 607 979 683 quia
993 607 1023 666 iu
1038 606 1097 667 dis·

121 692 255 751 sensione
275 708 384 768 regum
394 690 551 768 Iugurthae
571 689 712 750 advorsus
734 689 843 756 tuerat,
864 688 959 749 dedita
974 687 1120 752 (66666666

95 772 284 835 6666666666
304 775 455 835 6666666666
468 773 610 850 prologus
632 790 667 833 ex
683 773 776 851 patrIa
794 772 914 832 abierat.
952 771 1026 831 66666
1043 771 1095 848 Sp.

121 855 255 926 Albinus,
279 859 327 936 qui
348 872 493 935 prommo
514 873 590 916 auno
605 863 672 934 post
690 856 817 917 Bestiam
832 868 904 914 oum·
919 853 953 924 0.
969 852 1097 915 tunneto

122 939 205 999 Ratio·
220 940 401 1001 6666666666
422 939 557 1016 gerebat,
588 939 757 1016 persuadet,
780 938 916 1016 quoniam
943 946 979 998 66
1004 939 1098 1015 stirpe

123 1021 287 1082 Masinissae
304 1024 342 1081 sit
368 1022 596 1100 Iugurthamque
618 1021 655 1081 ob
678 1021 788 1081 seelera
814 1020 1000 1079 6666666666
1016 1027 1098 1080 metu

96 1110 258 1180 turgueat,
281 1120 404 1181 regnum
418 1104 570 1165 Nttmidiae
584 1104 621 1163 ab
637 1112 738 1164 senatu
755 1108 842 1178 petat.
871 1102 979 1162 6666666
994 1102 1098 1163 ausui
1108 1119 1135 1161 u

122 1185 190 1246 belli
202 1188 326 1263 gerundi
346 1196 563 1264 moverequam
584 1202 737 1248 senescere
760 1187 855 1245 omnia
874 1185 1013 1246 malebat:
1040 1186 1098 1263 ipsi

93 1271 269 1346 aproviueiu
290 1270 439 1339 NumidIa,
465 1270 591 1330 Minucio
617 1269 785 1330 6666666666
813 1276 957 1330 evenerat.
1013 1268 1097 1341 Quae

122 1357 275 1430 postquam
293 1353 412 1414 Massiva
428 1355 537 1432 agitare
559 1355 654 1431 eoepit
669 1370 764 1432 neque
778 1351 935 1428 Iugurtltae
950 1352 980 1415 66·
995 1353 1097 1413 amieis

123 1436 194 1495 satis
207 1437 332 1514 praesidi
344 1442 396 1506 est,
409 1436 486 1517 quod
502 1453 604 1497 eorum
616 1437 704 1497 alium
716 1437 898 1503 osnsoientis,
915 1435 1007 1495 allude
1018 1434 1096 1495 mala

123 1517 199 1578 lama
221 1526 250 1579 et
264 1522 352 1581 timor
365 1519 540 1598 inpediebat,
555 1518 727 1587 Bomilcari,
750 1534 894 1596 proxumo
912 1536 946 1578 66
960 1524 1098 1579 maxume
1107 1534 1133 1575 u

123 1601 181 1661 666
194 1602 395 1680 sibiimperat,
407 1605 516 1679 presio,
533 1604 617 1662 sicuti
628 1601 718 1661 multa
729 1601 903 1669 coniecerat,
915 1600 1098 1661 insidiatores

122 1683 259 1744 Massivae
274 1694 365 1761 paret,
380 1702 415 1744 66
428 1702 564 1745 maxume
579 1684 705 1745 occidte:
722 1686 767 1744 sin
783 1684 814 1744 66
826 1700 931 1760 pamm
945 1682 1096 1761 procedat,

96 1767 223 1843 aquosis
243 1767 330 1826 modo
348 1766 502 1827 Numidam
522 1769 684 1830 intemotat.
720 1766 865 1827 Bomilcar
884 1773 998 1826 mature
1017 1767 1098 1843 regis

122 1849 256 1909 mandata
279 1851 431 1928 exequitur
453 1858 482 1911 et
496 1869 550 1928 per
563 1851 696 1912 homines
716 1851 781 1910 talis
799 1851 897 1926 negoti
912 1849 1036 1910 66666666
1051 1849 1097 1911 tti-

123 1948 194 1992 nera
209 1950 401 2013 egressusque
417 1935 494 2004 eius,
510 1941 657 2014 postremo
672 1935 736 1995 Iooa
747 1941 833 2013 atque
843 1940 976 2010 tempora
991 1939 1098 1995 cuneta
1107 1952 1132 1995 66

99 2015 269 2093 uexplorat:
290 2016 403 2086 666666,
418 2018 469 2078 666
488 2034 537 2078 res
553 2018 725 2095 postulabat,
745 2016 862 2076 insidias
877 2016 976 2077 tendit.
1005 2015 1098 2092 Igitur

122 2114 198 2157 uuus
218 2117 254 2158 ex
274 2118 309 2159 eo
328 2118 466 2168 numero,
495 2102 544 2178 qui
564 2101 601 2161 66
621 2101 740 2160 caedem
767 2101 860 2176 parati
883 2106 982 2168 erant,
1009 2099 1098 2176 paule

123 2180 311 2240 inconsultius
324 2182 476 2242 Massivam
490 2182 676 2259 adgreditur:
693 2181 774 2242 illum
789 2180 959 2252 obtruncat,
976 2188 1020 2242 set
1034 2183 1098 2259 ipse

123 2261 322 2338 deprehensus
338 2263 435 2325 multis
452 2264 635 2325 hortantibus
652 2272 680 2325 et
697 2266 842 2343 inprimis
858 2264 961 2325 666666
977 2264 1097 2325 conside

96 2344 259 2409 aindioium
271 2348 433 2425 profitetur.
460 2348 506 2410 Fit
517 2364 586 2408 reus
601 2350 693 2428 magis
704 2362 739 2410 er
753 2362 851 2428 aequo·
861 2347 998 2426 bonoque
1009 2364 1097 2425 quam
1106 2366 1132 2405 es

123 2447 159 2489 ex
176 2431 240 2491 iure
256 2433 386 2509 gentium
399 2430 552 2501 Bomilcar,
568 2448 666 2494 eomes
687 2435 748 2495 eius
770 2433 823 2511 qui·
834 2431 958 2492 Romani
970 2430 1029 2490 tide
1042 2447 1097 2507 pu-

96 2512 198 2573 866666
219 2522 346 2574 venerat.
377 2516 414 2574 tt
436 2515 575 2593 Iugurtha
588 2517 768 2577 manufestus
788 2516 861 2574 tanti
882 2512 1002 2573 sceleris
1038 2530 1098 2572 uon

122 2596 204 2671 prius
221 2596 316 2654 omisit
338 2606 440 2655 eontra
460 2615 561 2656 vorum
576 2600 642 2666 niti,
663 2610 751 2674 quam
764 2597 893 2656 66666666
908 2595 1034 2654 advortit
1047 2613 1096 2654 su·

96 2687 175 2754 apra
186 2679 308 2755 gratiam
322 2684 408 2756 atque
421 2679 575 2755 pecuniam
589 2684 671 2738 suam
681 2678 815 2737 invidiam
824 2677 892 2736 66666
905 2692 977 2736 esse.
994 2676 1095 2755 Igitur,

123 2777 298 2840 quamquam
319 2761 457 2838 inprimi
477 2761 590 2821 actione
607 2778 642 2822 ex
658 2761 756 2820 amieis
778 2760 985 2838 quinquaginta
1007 2760 1130 2823 vadesao

123 2843 257 2912 dederat,
280 2859 372 2919 regno
388 2845 480 2918 magis
503 2860 590 2920 quarn
605 2843 725 2903 aedibus
736 2842 890 2904 consulens
902 2843 976 2903 olam
991 2846 1021 2903 66
1036 2844 1096 2903 Nu·

122 2922 239 2983 midiam
253 2922 447 2984 somuoarem
469 2925 599 2993 dimittit,
622 2928 730 2986 veritus
753 2941 792 2986 ne
806 2924 932 2986 rabodus
948 2925 1097 3004 popularis

122 3012 217 3066 metus
230 3008 379 3069 6666666666
392 3007 514 3087 parendi
531 3006 595 3076 sibl,
608 3008 632 3068 si
647 3008 683 3069 de
694 3005 744 3068 illo
760 3006 934 3087 subplicium
948 3020 1033 3088 suurp
1033 3017 1097 3070 tum

84 3099 114 3151 10
124 3090 208 3150 toret
231 3090 296 3151 Bt
288 3104 349 3170 ipse
370 3092 472 3170 paucis
490 3088 593 3153 diebus
608 3091 712 3153 eodem
724 3089 874 3171 proetus
890 3100 948 3163 est,
970 3095 1096 3154 lassoss

123 3179 225 3235 senatu
244 3174 324 3236 ltalia
340 3174 492 3237 desedere.
529 3174 580 3237 Set
600 3178 754 3254 postquam
771 3168 864 3237 Iloura
886 3181 1131 3254 agrammatus

124 3256 218 3318 iertur
237 3274 324 3336 saepe
345 3276 380 3319 eo
396 3260 500 3320 tacitus
520 3261 678 3336 respiciens
692 3265 841 3336 postremo
855 3260 974 3320 dixisse.
994 3255 1032 3316 0
1046 3274 1096 3316 ur

123 3338 191 3400 bem
212 3341 344 3404 venalem
362 3348 391 3403 et
404 3346 518 3402 mature
532 3343 702 3417 perituram,
721 3342 745 3400 si
760 3348 922 3419 enrptorem
935 3339 1097 3401 invenerit!

71 3430 113 3493 36
204 3423 326 3485 Interim
341 3424 462 3486 Albinus
480 3432 618 3485 renovato
634 3422 711 3484 bello
727 3431 909 3485 conmeatum
921 3424 1097 3501 stipendium
