2392 3848
148 191 188 252 78
321 203 364 243 nu
386 201 489 244 666666
513 200 713 244 6666666666
738 199 767 242 6.
788 191 832 245 64.
855 192 899 246 66.
920 191 964 245 66.

148 351 335 413 habitruum:
352 351 573 426 abimperatore
588 347 720 411 consulto
736 349 820 419 trahi,
836 349 915 427 quod
930 347 1019 407 homo
1033 349 1129 409 inanis

119 443 178 496 661
200 435 299 512 regiae
319 432 473 513 superbiae
485 435 609 511 imperio
630 435 717 494 ulmis
738 433 888 512 gauderet.
932 431 1014 502 Quae
1030 435 1127 499 omnia

149 519 205 580 illis
217 537 252 580 eo
267 519 396 584 firmiora
406 516 593 587 videbantur,
610 517 687 596 quod
701 517 888 578 diuturnitate
902 514 971 576 belli
982 533 1032 576 res
1046 515 1128 577 farni-

150 601 231 663 liaris
247 608 458 679 conruperant,
482 603 621 662 61666666
637 602 767 678 euplenti
786 599 859 660 nihil
874 601 943 670 satis
964 599 1128 660 testinatur.

99 688 140 748 65
151 685 223 745 Erat
236 691 388 762 praeterea
408 687 439 744 in
454 686 584 746 exercitu
607 691 708 745 nostro
722 681 994 759 Numidaquidam,
1009 684 1150 745 nominet

152 769 261 838 Gauda,
276 767 482 830 Mastanabalis
496 769 587 838 tilius,
602 768 770 828 Masinissae
785 782 895 844 nepos,
911 783 998 843 quem
1008 765 1128 842 Micipsa

150 859 325 914 testamento
336 853 498 914 seeundum
512 851 652 913 heredem
666 853 832 930 scripserat,
848 849 961 910 morbis
976 848 1128 911 coniectus

121 935 232 996 66166
248 955 313 998 earn
335 954 452 998 causam
481 941 579 995 mente
600 932 750 1012 paululum
770 935 922 994 inminuta.
960 931 1013 993 Cui
1027 932 1128 999 Metel·

151 1019 198 1080 lus
211 1022 322 1100 petenti
332 1037 416 1080 more
425 1034 530 1095 regum
541 1026 575 1078 ut
585 1017 686 1087 sellam
701 1021 781 1078 iuxta
794 1023 927 1097 poneret,
942 1017 1012 1076 item
1026 1023 1128 1094 postea

151 1103 301 1164 custodiae
326 1119 414 1164 causa
438 1110 565 1161 turmam
586 1101 716 1180 equitum
730 1101 945 1172 Romanorum,
971 1105 1164 1179 61666666611

153 1193 324 1261 negaverat:
340 1186 492 1254 honorem,
509 1184 588 1262 quod
601 1202 703 1245 eorum
721 1201 805 1245 66666
822 1184 987 1264 166616666
1002 1186 1129 1263 populus

151 1267 301 1329 Romanus
315 1285 400 1346 reges
414 1266 624 1347 adpellavisset,
640 1269 827 1346 praesidIum,
844 1267 923 1345 quod
938 1267 1128 1329 contumelio·

152 1370 217 1412 sum
232 1353 262 1411 in
278 1370 328 1413 eos
343 1353 435 1423 foret,
458 1353 483 1412 si
498 1355 611 1429 equites
625 1352 748 1412 Romani
763 1350 900 1413 satellites
914 1351 1056 1413 Numidae
1069 1360 1129 1412 tra-

121 1436 300 1496 ederentur.
335 1436 420 1497 Hune
434 1437 543 1497 Marius
558 1437 678 1496 anxium
692 1435 862 1514 adgreditur
876 1444 963 1512 atque
983 1436 1127 1504 hortatur,

150 1528 184 1578 ut
205 1519 447 1581 contumeliarum
469 1517 718 1597 inimperatorem
733 1538 801 1579 cum
821 1536 874 1578 suo
890 1517 997 1580 auxilio
1019 1525 1165 1597 poenas¹³

19 1638 23 1669 ÷
70 1639 76 1671 ,
89 1676 94 1683 Ι
150 1609 231 1680 petat
240 1624 247 1662 :
256 1600 406 1679 1666661666
418 1603 455 1663 616
468 1603 587 1663 morbos
600 1603 697 1663 6661666
708 1620 813 1680 parum
823 1601 917 1662 valido
926 1602 1130 1662 secundaora-

19 1676 24 1691 ⁵
96 1680 100 1685 ’
152 1688 231 1745 tione
245 1686 369 1747 extollit:
390 1685 471 1747 illum
487 1705 598 1765 regem,
614 1689 762 1762 ingentem
776 1688 880 1756 virum,
896 1685 1063 1746 Masinissae
1078 1703 1130 1745 ne·

152 1774 251 1845 potem
267 1786 346 1829 esse:
363 1770 540 1847 stlugurtha
556 1778 659 1849 captus
677 1777 726 1831 aut
743 1771 856 1830 occisus
871 1770 958 1838 ioret,
974 1769 1131 1847 imperium

151 1851 305 1912 Numidiae
319 1853 381 1914 sine
396 1871 479 1914 more
492 1854 676 1916 habiturum:
697 1855 726 1914 id
741 1854 814 1915 adeo
829 1858 944 1914 mature
958 1871 1047 1931 posse
1063 1871 1129 1914 eve·

121 1936 227 2005 46666,
249 1935 274 1996 66
293 1938 356 2015 ipse
377 1937 480 1998 consul
500 1938 536 2017 ad
559 1939 588 1999 id
607 1937 717 1999 bellum
733 1939 839 1998 missus
861 1937 947 1998 leret.
982 1938 1082 2015 116666
1098 1943 1127 1998 et
1136 1942 1163 1983 ²⁰

152 2018 234 2079 illum
249 2027 279 2080 et
293 2020 405 2099 equites
415 2020 572 2090 Romanos,
588 2021 694 2082 milites
706 2028 734 2081 et
745 2021 950 2096 negotiatores
967 2019 1038 2080 alios
1052 2021 1125 2097 lpse,

151 2101 309 2178 plerosque
329 2106 410 2180 pacis
424 2121 491 2182 spes
506 2102 630 2181 inpellit,
655 2106 698 2164 uti
712 2105 836 2166 Romam
852 2102 889 2163 ad
908 2122 977 2164 suos
992 2120 1126 2164 necessa·

152 2185 212 2243 rios
227 2202 330 2262 aspere
350 2187 381 2245 iu
395 2186 543 2247 Metellum
562 2185 691 2246 debello
706 2187 850 2258 scribant,
871 2186 994 2247 Marium
1000 2189 1127 2266 Impera·

121 2272 244 2328 51666666
264 2276 396 2346 poscant
424 2265 474 2326 sle
492 2267 533 2329 6116
555 2289 571 2329 6
593 2270 691 2329 multis
712 2233 885 2332 mortalibus
910 2272 1127 2332 honestissuma

151 2353 360 2430 suffragatione
388 2353 556 2415 consulatus
582 2353 751 2432 petebatur:
781 2353 867 2415 simul
895 2374 929 2416 ea
955 2361 1129 2434 tempestate
1139 2358 1164 2397 ²⁶

150 2435 251 2513 plebes
262 2436 437 2498 nobrhtete
435 2457 487 2498 usa
497 2457 551 2516 per
573 2438 667 2516 legem
684 2438 839 2500 Mamdram
850 2457 941 2499 novos
964 2437 1131 2499 extollebat.

152 2519 193 2577 116
209 2520 301 2579 Mario
317 2528 421 2581 cuncta
436 2522 608 2599 procedere.

100 2604 140 2665 66
236 2601 357 2664 Interim
377 2605 532 2682 Iugurtha,
556 2614 710 2684 postquam
732 2608 839 2666 omissa
854 2575 1001 2665 deditione
1020 2605 1132 2666 bellum

151 2686 264 2765 incipit,
289 2705 356 2749 eum
371 2703 476 2764 magna
499 2706 568 2748 cura
592 2706 697 2766 parare
712 2690 824 2758 omnia,
848 2688 1000 2757 festinare,
1024 2705 1132 2765 cogere

152 2773 330 2832 exercitum:
354 2773 498 2843 civitates,
515 2791 589 2851 quac
605 2771 641 2832 ab
656 2789 688 2833 se
704 2772 885 2845 deiecerant,
910 2771 1066 2833 formidine
1082 2778 1166 2833 aut³⁰

152 2854 326 2913 ostentando
339 2857 471 2932 praemia
486 2855 648 2924 adfectare,
665 2857 837 2915 conmunire
853 2873 922 2915 suos
936 2854 1033 2923 locos,
1050 2870 1131 2914 arma

151 2932 209 2995 tela
218 2933 333 3011 aliaque
344 2951 418 3010 quae
429 2952 481 3013 spe
490 2936 571 3013 pacis
580 2937 719 2996 amiserat
729 2937 853 2997 reficere
863 2938 1129 2998 autcommercari:

152 3019 267 3079 servitia
281 3017 481 3079 Romanorum
496 3018 632 3089 adlicere,
654 3026 683 3080 et
698 3038 749 3080 cos
763 3021 851 3099 ipsos,
868 3021 963 3099 quiin
978 3020 1131 3099 praesidiis

151 3110 243 3172 erant,
255 3104 380 3182 pecunia
394 3109 555 3182 temptare:
570 3121 693 3184 prorsus
704 3102 776 3167 nibil
786 3106 928 3167 intactum
939 3122 1037 3184 66666
1048 3105 1131 3182 6666-

122 3197 212 3248 atum
227 3188 300 3266 pati,
325 3193 429 3249 cuncta
453 3190 573 3264 agitare.
617 3189 709 3267 Igitur
739 3193 900 3267 Vagenses,
924 3206 982 3266 666
997 3185 1167 3248 6616116666

153 3273 233 3333 initio
255 3271 395 3349 Iugurtha
423 3273 594 3349 pacificante
615 3274 794 3351 praesidium
815 3275 999 3350 iuposuerat,
1023 3270 1133 3349 fatigati

154 3359 234 3433 rogis
255 3356 405 3434 subplioiis
427 3374 524 3435 neque
546 3363 631 3418 antea
654 3355 800 3417 voluntate
822 3355 951 3424 alienati,
983 3355 1133 3434 principes

145 3440 274 3498 civitatis
288 3442 367 3500 inter
381 3459 412 3500 se
428 3441 596 3501 coniurant:
617 3458 686 3500 nam
701 3440 816 3518 volgus,
839 3440 881 3500 uti
895 3437 1071 3518 plerumque
1086 3457 1132 3498 so·
