2392 3848
370 225 412 265 ax
433 222 599 265 uterorum
621 221 819 266 sxennrras.
1026 207 1084 267 119

106 389 153 432 res
176 381 205 431 et
225 371 320 448 ignavi
343 371 485 447 cuiusque
509 371 704 430 tenuissumas
731 388 798 448 spes
823 371 999 432 frustratur:
1028 391 1085 451 qua
1101 381 1135 433 tt

105 461 203 514 tamen
224 455 354 532 quamvis
376 452 485 531 ampla,
506 455 644 530 quoniam
665 455 762 514 serviti
783 456 910 532 pretium
923 461 1083 517 ostentare·

105 545 162 605 tur,
186 537 268 597 cuius
286 537 447 614 torpedinis
461 543 524 596 erat
545 537 638 614 decipi
655 544 684 597 et
704 544 869 599 vostrarum
890 556 992 598 rerum
1006 537 1083 600 ultro

105 621 227 681 iniuriae
242 623 365 697 gratiam
381 618 509 680 debere?
531 618 683 680 Cavendum
705 620 790 681 dolus
805 629 857 682 est.
880 621 1013 701 Namque
1027 621 1083 682 alio
1102 631 1130 679 21

82 703 192 767 smodo
215 720 312 780 neque
332 701 430 763 valent
450 703 480 761 in
501 704 663 772 univorsos,
685 721 782 781 neque
804 705 998 766 conabuntur.
1029 705 1085 765 lta·

105 803 163 863 que
184 785 269 846 simul
297 792 460 862 conparant
485 783 678 846 delenimenta
705 793 734 846 et
755 787 893 848 differunt
910 805 961 847 ros
982 789 1012 848 in
1034 789 1084 850 ad·

105 877 224 929 ventum
243 869 297 929 Gn.
319 868 455 945 Pompei:
480 885 568 945 quem
589 871 699 947 ipsum,
721 869 773 930 ubi
793 873 973 948 pertimuere
1002 871 1084 932 ubla-
1164 907 1170 919 ·

104 961 168 1012 tum
188 954 219 1012 in
241 953 369 1012 eervices
389 969 465 1019 suas,
483 969 551 1011 mox
570 951 688 1029 dempto
709 960 788 1014 metu
809 954 947 1015 lacerant.
984 889 1086 1033 §equo
1103 966 1136 1018 23

106 1053 156 1096 eos
177 1035 283 1113 pudet,
305 1035 432 1095 vindices
454 1036 496 1095 uti
519 1053 551 1096 se
573 1034 672 1095 lerunt
690 1035 845 1106 libertatis,
868 1043 911 1097 tot
930 1040 1008 1097 viros
1023 1041 1086 1100 siue

71 1137 165 1179 caurio
181 1126 232 1180 aut
252 1121 403 1179 remittere
423 1118 559 1178 iniuriam
577 1136 637 1178 non
659 1121 767 1181 audere
789 1123 896 1182 antius
914 1139 975 1181 uon
997 1139 1085 1200 posse

104 1202 271 1264 defendere.
315 1201 383 1260 Mihi
406 1201 523 1278 quidem
550 1203 618 1262 satis
646 1211 809 1280 spectatum
835 1212 880 1265 est
900 1205 1081 1283 Pompeium,

103 1292 202 1345 tantae
230 1284 341 1361 gloriae
368 1283 593 1353 adulescentem,
631 1286 717 1347 malle
737 1291 902 1366 principem
922 1288 1086 1350 volentibus

104 1367 188 1429 vobis
210 1385 288 1435 esse,
311 1384 398 1444 qnam
411 1365 475 1450 'tuis
498 1367 701 1428 dominationis
721 1371 848 1440 socium,
876 1379 1085 1450 auctoremque

105 1453 255 1528 inprimis
277 1451 341 1511 lore
362 1449 536 1510 tribuniciae
559 1454 709 1527 potestatis
728 1456 936 1514 restituendae.
965 1454 1083 1525 Verum,
1103 1471 1137 1520 24

71 1549 96 1589 1s
106 1533 248 1604 Quirites,
266 1540 350 1595 antea
365 1533 471 1609 singuli
487 1536 564 1594 cives
580 1537 609 1594 in
625 1535 775 1616 pluribus,
793 1555 853 1596 non
868 1539 899 1597 in
915 1556 974 1597 uno
990 1540 1087 1598 cuncti

104 1618 247 1694 praesidia
267 1617 433 1686 habebatis,
457 1634 553 1695 neque
572 1619 739 1680 mortalium
769 1623 922 1699 quisquam
944 1623 1015 1682 dare
1037 1629 1088 1682 aut

105 1704 220 1778 eripere
241 1701 309 1761 talia
332 1718 408 1761 unsis
427 1708 551 1779 poterat.

187 1784 289 1862 ltaque
306 1784 465 1846 verborum
487 1788 555 1845 satis
574 1786 684 1846 dietum
708 1794 766 1846 est:
790 1790 979 1865 nequeenim
1001 1789 1083 1865 igno·
1101 1801 1135 1851 25

104 1869 197 1927 rantia
217 1886 266 1928 res
286 1867 401 1928 claudit.
444 1867 553 1928 Verum
572 1871 723 1946 occupavit
744 1873 842 1932 neseio
864 1889 939 1949 quae
958 1889 1009 1931 vos
1025 1879 1086 1932 tor·
1103 1878 1137 1929 26

70 1950 195 2028 aopcdo,
220 1969 277 2030 qua
297 1969 357 2010 non
379 1951 472 2027 gloria
492 1953 648 2013 movemini
677 1969 774 2030 nequo
794 1953 909 2030 flagitio,
924 1962 1086 2034 canemque

103 2037 252 2112 praesenti
277 2036 390 2111 igniaria
412 2036 581 2104 mutaristis,
604 2035 721 2096 abunde
740 2035 905 2098 libertatem
926 2040 995 2108 rati,
1019 2039 1086 2116 quia

104 2120 193 2196 ter-gis
214 2117 377 2179 abstinetur
400 2126 430 2178 et
451 2118 510 2179 bue
529 2121 573 2179 ire
593 2117 661 2180 lioet
683 2129 770 2197 atque
796 2120 879 2181 illuc:
901 2138 1025 2182 munera
1043 2121 1086 2182 dl·

102 2202 176 2260 tium
190 2201 384 2262 dominorum.
426 2201 513 2280 Atqui
531 2202 605 2263 baec
624 2203 726 2263 eadem
748 2221 808 2264 non
826 2211 894 2264 sunt
910 2204 1084 2282 agrestibus,
1104 2220 1136 2269 27

104 2293 149 2344 set
170 2286 333 2345 caeduntur
351 2287 427 2345 iuter
447 2288 608 2361 potentium
631 2288 794 2347 inimicitias
820 2287 956 2365 donoque
979 2289 1086 2348 dantur

69 2368 134 2426 asin
157 2369 321 2445 provincias
340 2366 566 2445 magistratibus.
595 2368 637 2428 lta
656 2376 804 2445 pugnatur
821 2376 850 2428 et
871 2371 996 2430 vincitur
1014 2388 1086 2448 pau·

105 2453 158 2511 cis:
181 2451 296 2528 plebes,
320 2451 527 2530 quodcumque
546 2451 664 2520 accidit,
686 2468 741 2529 pro
763 2454 845 2512 vietis
868 2461 911 2512 est
931 2460 960 2513 et
979 2455 1009 2513 in
1024 2453 1086 2514 dies
1104 2461 1138 2512 28

104 2535 196 2612 uragis
214 2536 284 2604 erit,
307 2538 331 2595 si
354 2535 471 2612 quidem
493 2536 604 2594 maiore
623 2553 694 2595 cura
716 2535 942 2596 dominationem
959 2535 999 2595 illi
1017 2538 1080 2598 reti·

103 2619 222 2678 ruerint
243 2636 329 2696 quam
349 2636 400 2678 ros
422 2618 615 2695 repetiveritis
636 2617 810 2679 libertatem.

420 2753 559 2829 Epistula
579 2754 771 2814 Mithridatis.

507 2853 553 2917 (H.
571 2853 609 2903 iv
625 2851 678 2916 or.)

280 2953 344 3014 llex
364 2953 545 3014 Mithridates
566 2955 631 3029 regi
653 2952 754 3014 Arsaci
773 2953 907 3015 salutem.

188 3034 296 3096 Omnes
324 3039 375 3112 qui
400 3037 540 3098 secundis
561 3037 653 3097 rebus
674 3038 734 3097 suis
763 3038 799 3097 ad
820 3036 890 3097 belli
917 3038 1086 3098 societatem
1104 3051 1118 3101 1

103 3125 235 3187 orantur,
257 3119 445 3180 considerare
472 3119 598 3189 debent,
625 3119 749 3180 liceatne
775 3127 838 3180 tum
860 3138 963 3198 paoem
990 3136 1086 3198 agere,

69 3221 93 3260 ss
103 3203 170 3262 dein
183 3202 262 3280 quod
277 3204 428 3280 quaesitor
448 3204 555 3264 satisne
575 3205 657 3279 pium
674 3209 769 3264 tutum
810 3202 970 3280 gloriosum
991 3221 1028 3265 an
1042 3205 1086 3263 in·
1113 3252 1117 3259 .

103 3285 243 3346 decorum
265 3285 310 3345 slt.
336 3285 401 3346 Tibi
421 3293 564 3364 perpetua
585 3304 659 3364 pace
677 3286 735 3348 lrui
756 3286 839 3356 lieet,
861 3288 979 3364 egregia
999 3289 1120 3356 lamas

103 3369 127 3427 si
146 3367 295 3430 Romanos
318 3368 510 3448 obpressere,
533 3369 631 3430 lutura
654 3376 707 3430 est.
735 3368 799 3430 Nisi
814 3368 913 3429 hostes
930 3371 1087 3449 opportuni

102 3458 130 3510 et
143 3451 367 3521 scelestissumi,
389 3470 486 3532 neque
500 3460 601 3530 petere
619 3452 742 3514 audeam
756 3455 923 3515 societatem
937 3460 965 3515 et
977 3453 1086 3515 frustra

67 2803 94 2841 3υ
