2392 3848
282 225 324 266 un
346 225 449 265 annno
470 223 668 266 rvcvnrnmo
687 223 714 264 c.
731 215 773 269 83.
796 214 840 268 84.
856 214 898 268 85.
1041 204 1080 266 87

102 372 229 450 gendae,
253 389 327 451 quae
348 374 443 449 potior
465 369 542 431 bollo
558 379 643 450 esset,
660 381 689 433 et
708 389 884 450 quamquam
903 371 1007 450 opibus
1022 375 1081 432 suis

104 455 277 524 confideret,
300 464 397 515 tamen
419 472 479 515 non
501 455 609 516 debere
630 456 742 516 incerta
762 473 818 533 pro
843 454 931 514 certis
952 461 1080 516 mutare:
1159 533 1160 536 Ἴ

104 557 190 599 omne
204 537 314 600 bellum
330 540 406 599 sumi
420 537 512 606 iacile,
530 546 660 600 ceterum
671 556 844 616 aegerrume
859 537 1006 599 desinere:
1022 556 1082 598 non

104 624 133 682 in
155 623 284 683 eiusdem
306 629 449 700 potestate
471 623 583 682 initium
606 624 668 682 eius
690 629 719 682 et
739 623 828 682 finem
850 638 929 682 esse:
951 622 1082 698 incipere

82 707 202 775 scuivis,
227 706 313 766 etiam
329 707 448 781 ignavo,
470 704 575 773 licere,
606 705 712 782 deponi
742 723 809 765 cum
835 706 959 765 victores
981 704 1081 765 velint:

104 789 226 866 proinde
240 788 295 848 sibi
312 804 463 865 regnoque
477 805 530 848 suo
546 787 719 855 consuleret,
735 806 795 848 neu
806 787 938 847 florentis
952 805 1001 848 res
1015 806 1083 849 suas

105 890 172 932 cum
193 870 351 948 Iugurthae
371 871 492 948 perditis
508 873 653 933 misceret.
693 870 736 931 Ad
756 888 789 931 ea
809 888 864 931 rex
882 871 950 931 satis
970 871 1109 948 placide‘r

104 955 192 1014 verba
213 954 295 1016 lacit:
319 972 382 1016 sese
397 971 501 1031 pacem
519 971 636 1033 cupere,
659 961 704 1015 set
716 953 875 1030 Iugurthae
898 953 1083 1015 fortunarum

50 1082 53 1087 -
105 1039 254 1099 misereri:
270 1041 295 1098 si
310 1038 412 1099 eadem
424 1036 464 1097 illi
475 1039 558 1117 copia
572 1039 665 1106 lieret,
682 1040 779 1098 omnia
795 1045 982 1098 conventura.
1005 1036 1108 1097 Bur-3

70 1139 155 1182 rosus
169 1121 330 1196 imperator
344 1128 446 1182 contra
473 1121 618 1199 postulata
633 1120 744 1183 Bocchi
771 1122 888 1181 nuntios
910 1122 1013 1181 mittit:
1035 1120 1083 1180 ille

102 1204 230 1283 probare
249 1206 364 1283 partim,
383 1203 437 1265 alia
452 1204 590 1265 abnuere.
627 1204 670 1264 llo
692 1205 780 1265 modo
795 1221 882 1283 saepe
897 1203 934 1263 ab
957 1211 1083 1282 utroque

103 1291 197 1348 missis
218 1289 405 1365 remissisque
426 1289 534 1347 nuntiis
558 1296 674 1364 tempus
687 1288 866 1365 procedere,
883 1296 911 1348 et
927 1306 963 1348 ax
977 1286 1083 1348 Metelli

104 1370 248 1432 voluntate
267 1369 377 1430 bellum
398 1371 539 1430 intactum
560 1370 644 1430 trabi.

187 1456 224 1514 dt
237 1454 359 1522 Marius,
376 1462 409 1513 nt
422 1471 511 1532 supra
524 1454 658 1523 diximus,
673 1455 898 1531 cupientissuma
912 1453 998 1531 plebe
1014 1471 1082 1513 con·
1093 1460 1132 1522 84

70 1559 94 1599 ra
104 1539 149 1598 sut
163 1538 270 1606 lactus,
293 1543 448 1616 postquam
466 1538 491 1598 ei
506 1538 685 1615 provinciam
702 1537 867 1598 Numidiam
881 1536 1008 1614 populus
1022 1538 1081 1598 ius-

104 1625 152 1691 sit,
181 1631 264 1682 antea
285 1623 343 1682 iam
364 1621 486 1681 infestus
507 1619 664 1688 nobilitati,
691 1628 755 1681 tum
774 1638 844 1681 vero
866 1620 975 1681 multus
996 1628 1082 1698 atque

104 1707 186 1765 lerox
203 1707 324 1772 instare,
341 1703 469 1780 singulos
483 1703 571 1764 modo
585 1705 672 1765 modo
688 1706 841 1766 univorsos
853 1704 985 1765 laedere:
1001 1704 1082 1764 dicti·

104 1796 165 1848 tare
184 1806 247 1848 sese
264 1787 445 1848 consulatum
462 1807 497 1847 ex
514 1789 595 1847 victis
611 1787 666 1847 illis
680 1788 771 1865 spolia
788 1790 908 1866 cepisse,
925 1788 980 1848 alia
996 1805 1081 1864 prae-

104 1880 183 1932 terea
200 1871 352 1949 magnifica
366 1888 421 1947 pro
435 1888 466 1930 se
499 1869 595 1930 stillis
612 1871 746 1931 dolentia.
778 1871 898 1932 biterim
914 1889 988 1948 quae
1005 1869 1107 1932 bellos

68 1977 94 2016 oo
105 1973 177 2033 opus
195 1962 278 2015 erant
299 1955 393 2032 prima
408 1953 532 2014 habere:
554 1954 702 2031 postulare
715 1954 879 2030 legionibus
894 1952 1080 2033 subplemen-

104 2047 179 2107 tum,
198 2036 303 2099 auxilia
318 2056 334 2097 a
348 2036 465 2117 populis
481 2045 509 2096 et
525 2038 646 2114 regibus
660 2038 803 2114 sociisque
819 2055 979 2105 arcessere,
995 2054 1081 2115 prae-

102 2130 183 2182 terea
204 2141 239 2182 ex
262 2122 343 2182 Latio
363 2120 564 2183 fortissumum
587 2139 748 2200 quemque,
773 2120 931 2200 plerosque
952 2120 1080 2187 militiae,

103 2222 213 2281 paucos
228 2204 304 2264 lama
320 2205 451 2282 cognitos
469 2204 582 2274 adelae,
604 2214 632 2265 et
654 2205 810 2265 ambiundo
827 2221 933 2282 cogere
948 2205 1083 2264 homines

104 2288 231 2348 emeritis
257 2288 407 2364 stipendiis
433 2306 534 2348 secum
560 2289 713 2364 proficisci.
762 2288 865 2366 Neque
888 2287 929 2347 illi
954 2297 1110 2353 senatusa

68 2394 92 2433 rs
104 2389 279 2450 quamquam
297 2371 438 2430 advorsus
454 2379 524 2437 erat,
540 2370 576 2430 de
592 2370 651 2430 ullo
662 2372 779 2448 negotio
794 2370 924 2431 abnuere
939 2368 1081 2430 audebat:

104 2461 234 2514 ceterum
250 2452 484 2531 subplementum
501 2455 587 2512 etiam
600 2453 694 2513 laetus
710 2453 889 2522 decreverat,
906 2455 971 2530 quia
987 2470 1083 2532 neque

103 2537 199 2614 plebei
221 2536 320 2597 militia
341 2535 448 2597 volenti
464 2535 622 2614 putabatur
650 2543 679 2596 et
699 2535 807 2596 ilarius
829 2544 879 2595 aut
907 2535 976 2596 belli
997 2552 1083 2597 usum

108 2629 158 2681 aut
186 2621 279 2680 studia
308 2620 384 2696 volgi
412 2622 582 2680 antissurus.
623 2621 672 2680 Set
693 2638 726 2679 ea
747 2638 796 2680 res
818 2619 927 2680 ll'ustra
948 2626 1109 2697 sperata:4

102 2712 182 2764 tanta
202 2703 302 2764 lubido
326 2721 392 2764 cum
413 2702 504 2763 Mario
527 2704 615 2764 eundi
635 2701 792 2782 plerosque
813 2703 967 2763 invaserat.
1013 2703 1083 2763 Sese

69 2789 226 2864 aequisque
237 2787 347 2864 praeda
358 2785 534 2864 locupletem
545 2787 766 2856 fore,victorem
778 2787 898 2846 domum
907 2786 1081 2853 rediturum,

103 2871 157 2930 alia
179 2869 301 2931 huiusce
326 2871 406 2931 modi
425 2871 527 2931 animis
549 2869 719 2939 trahebant,
750 2878 778 2929 et
805 2887 855 2930 eos
882 2887 941 2929 non
963 2869 1083 2948 paulum

103 2956 234 3013 oratione
261 2971 314 3014 sua
341 2952 449 3014 Marius
472 2954 633 3015 adrexerat.
677 2952 750 3014 Nam
771 2960 927 3032 postquam
949 2953 1169 3014 omnibusa..

104 3055 178 3113 quae
201 3034 397 3113 postulaverat
418 3036 543 3097 decretis
564 3037 669 3098 milites
690 3037 820 3097 scribere
847 3035 919 3104 volt,
946 3036 1084 3096 hortandi

103 3137 192 3181 causa
220 3118 306 3178 simul
329 3127 357 3179 et
371 3119 553 3180 nobilitatem
566 3122 608 3179 uti
628 3128 818 3179 consueverat
836 3119 999 3197 exagitandi
1014 3137 1083 3179 con-

103 3204 211 3264 tionem
230 3202 331 3281 populi
345 3201 501 3272 advocavit,
525 3202 629 3264 deinde
649 3201 706 3262 boc
723 3203 810 3262 modo
833 3202 983 3262 disseruit:

188 3287 265 3346 ‘Scio
281 3301 351 3362 ego,
374 3287 509 3358 Quirites,
533 3285 689 3364 plerosque
709 3303 768 3345 non
785 3286 894 3346 eisdem
903 3282 1018 3345 artibus
1029 3283 1133 3344 ini-85

104 3387 218 3445 perium
236 3387 252 3429 a
268 3368 348 3430 vobis
364 3377 465 3448 petere
481 3377 509 3430 et
524 3377 679 3448 postquam
694 3368 791 3445 adepti
806 3376 874 3428 sunt
888 3385 1007 3446 gerere:
1023 3372 1082 3447 pri-

103 3471 152 3512 mo
181 3453 338 3515 industrios
354 3453 492 3531 subplicis
518 3452 649 3512 modicos
671 3469 749 3520 esse,
775 3451 842 3511 dein
863 3469 917 3527 per
940 3453 1092 3526 ignauiam
