2392 3848
123 168 164 231 98
335 188 377 228 nu
396 188 497 229 senno
520 186 718 230 rreverrrnro
743 186 770 229 c.
790 178 833 235 97.
855 179 898 234 98„

123 337 237 414 ipsique
255 334 357 395 blauro
377 334 531 411 pollicetur
553 335 704 396 Numidiae
725 342 839 413 partem
855 337 984 406 tertiam,
1008 341 1032 397 si
1054 345 1104 398 aut

123 420 247 480 Romani
261 418 359 478 Africa
375 417 501 495 expulsi,
518 427 567 478 aut
580 420 701 495 integris
716 420 776 479 suis
789 418 894 479 tinibus
908 418 1019 481 bellum
1034 439 1103 480 con·

123 504 251 580 positum
273 501 358 561 foret.
399 501 441 561 Eo
461 503 590 578 praemio
614 501 737 563 inlectus
752 501 886 564 Bocchus
911 521 978 563 curn
998 520 1106 581 magna·

124 586 306 647 multitudine
328 584 498 660 Iugurtham
519 585 641 646 adcedit.

97 676 113 726 3
207 670 249 731 lta
270 667 425 729 amborum
448 670 577 729 exercitu
599 670 753 729 coniuncto
767 666 905 738 Marium,
929 670 986 729 iam
1008 671 1037 729 in
1057 670 1125 730 hi·s

124 754 216 814 borna
238 752 486 830 proficiscentem,
506 753 553 811 vix
575 750 696 812 decuma
718 758 801 830 parte
823 753 869 812 die
889 752 999 813 relicua
1022 755 1102 812 inra-

124 839 210 904 dunt,
231 838 286 895 rati
301 841 417 895 noctem
432 853 506 914 quae
521 837 578 894 iarn
593 835 694 896 aderat
710 841 738 896 et
752 836 833 895 victis
849 834 904 894 sibi
921 837 1102 896 munimento

124 922 187 981 fore
202 928 231 981 et
247 921 272 978 si
289 920 425 979 vicissent
439 917 519 978 nullo
535 918 745 994 inpedimento,
771 920 837 996 quia
852 917 986 979 locorum
1008 919 1102 979 scien-

123 1012 167 1065 tes
194 1011 292 1071 erant,
322 1008 424 1061 contra
443 1000 581 1061 Romanis
603 1009 761 1082 utrumque
790 1019 889 1062 casum
915 1003 945 1063 in
972 1001 1102 1062 tenebris

96 1086 315 1148 edifiiciliorem
330 1085 403 1145 sore.
432 1084 524 1161 Igitur
541 1083 626 1144 simul
643 1084 744 1146 consul
760 1103 796 1145 ex
809 1085 907 1146 multis
922 1086 958 1146 de
973 1083 1100 1146 hostium
1111 1104 1136 1146 ao

123 1170 248 1230 adventu
264 1169 398 1246 cognovit
413 1174 441 1227 et
454 1167 508 1244 ipsi
521 1167 619 1227 hostes
634 1168 764 1238 aderant,
777 1175 805 1229 ct
819 1170 901 1247 prius
916 1187 1003 1248 quam
1018 1187 1101 1231 exer·

124 1256 197 1314 citus
212 1259 262 1313 aut
278 1252 382 1312 instrui
401 1256 451 1311 aut
469 1252 598 1311 sarcinas
614 1250 769 1328 conligere,
788 1252 913 1332 demque
931 1259 998 1313 ante
1013 1270 1102 1331 quam

122 1338 298 1414 signumaut
314 1335 471 1412 imperium
485 1331 578 1395 ullum
599 1337 733 1412 accipere
754 1337 858 1415 quivit,
879 1337 990 1415 equites
1008 1335 1102 1396 Mauri

123 1428 210 1501 etque
229 1417 356 1485 Gaetuli,
380 1435 440 1478 non
455 1419 516 1477 acie
531 1434 627 1497 neque
640 1417 699 1479 ullo
714 1437 797 1480 more
811 1419 918 1498 proeli,
941 1426 986 1480 set
1007 1419 1101 1479 cater-

124 1506 220 1572 vatim,
242 1504 284 1563 uti
306 1519 438 1580 quosque
460 1501 521 1560 fors
544 1499 781 1577 conglobaverat,
810 1505 840 1562 in
861 1510 977 1563 nostros
1001 1505 1135 1563 incur-15

97 1595 206 1648 erunt:
232 1588 281 1664 qui
303 1603 404 1646 omnes
425 1583 531 1662 trepidi
551 1586 697 1662 inproviso
718 1592 799 1645 metu
819 1605 853 1646 ae
871 1592 966 1647 tamen
987 1586 1102 1646 virtutis

122 1687 268 1732 memores
282 1675 333 1728 aut
348 1685 428 1727 arma
447 1667 599 1745 capiebant
610 1675 660 1729 aut
674 1669 813 1746 capientis
830 1668 900 1729 alios
915 1669 951 1729 ab
967 1668 1101 1729 hostibus

123 1751 325 1814 defensabant:
352 1768 420 1828 pars
443 1769 533 1828 equos
555 1752 728 1822 escendere,
750 1751 864 1813 obviarn
886 1755 930 1813 ire
951 1751 1100 1812 hostibus:

121 1852 220 1915 pugna
230 1835 381 1894 latrocinio
392 1835 484 1910 magis
498 1853 584 1914 quarn
598 1835 709 1912 proelio
726 1834 825 1896 similis
840 1837 918 1896 fieri:
935 1837 997 1896 sine
1010 1836 1101 1912 signis

121 1925 184 1984 sine
196 1922 348 1984 ordinibus
366 1924 478 2001 equites
496 1921 668 2002 peditesque
683 1920 821 1999 permixti
838 1919 962 1980 caedere
979 1918 1042 1986 alii,
1054 1917 1138 1980 aliieo

121 2007 306 2077 obtruncari,
330 2005 416 2067 multi
436 2013 540 2066 contra
555 2005 694 2066 advorsos
715 2021 870 2064 acerrume
886 2008 1052 2081 pugnantes
1063 2001 1101 2062 ab

122 2100 206 2166 tergo
229 2088 447 2150 circumveniri:
469 2105 564 2166 neque
583 2089 673 2148 virtus
692 2105 788 2165 neque
802 2104 883 2147 arma
904 2090 973 2146 satis
989 2093 1099 2164 tegere,

123 2174 190 2250 quia
216 2173 315 2231 bostes
335 2187 458 2229 numero
480 2168 579 2247 plures
606 2178 634 2230 et
659 2170 789 2248 undique
811 2171 979 2231 circumfusi
1001 2178 1100 2230 eraut:

123 2256 248 2333 denique
269 2253 393 2314 Romani
413 2259 525 2314 veteres
546 2255 671 2330 novique
693 2251 737 2334 [et
757 2253 795 2314 ob
816 2272 849 2314 ea
865 2255 989 2314 seientes
1004 2251 1099 2332 belli],

122 2342 146 2400 si
168 2356 241 2419 quos
255 2337 336 2398 locus
355 2343 405 2398 aut
424 2354 508 2398 casus
523 2339 727 2406 coniunxerat,
749 2336 828 2398 orbis
845 2336 942 2398 fecere
957 2343 1043 2415 atque
1061 2339 1136 2397 itan

122 2423 159 2483 ab
182 2421 317 2482 omnibus
344 2418 475 2499 partibus
497 2420 582 2481 simul
603 2421 673 2482 tecti
693 2426 722 2482 et
741 2421 875 2482 instructi
895 2422 1021 2482 hostium
1042 2422 1101 2480 vim

73 2502 111 2566 98
122 2504 332 2567 sustentabant.
364 2503 465 2583 Neque
481 2506 511 2564 in
533 2522 567 2566 eo
582 2511 642 2566 tam
659 2521 763 2582 aspero
781 2507 897 2581 negotio
915 2504 1023 2565 Marius
1041 2510 1101 2564 ter·

122 2591 196 2649 ritus
218 2594 268 2648 aut
288 2589 380 2664 magis
403 2605 490 2666 quarn
511 2593 595 2648 antea
610 2587 735 2648 demisso
758 2590 853 2648 animo
874 2589 942 2657 fuit,
966 2594 1011 2648 set
1033 2605 1101 2648 oum

122 2683 219 2733 turma
236 2689 297 2741 sua,
317 2687 405 2749 quam
419 2690 455 2732 ex
466 2671 640 2732 fortissumis
653 2671 745 2748 magis
756 2689 845 2749 quam
861 2671 1102 2732 familiarissumis

123 2762 289 2833 paraverat,
308 2755 405 2831 vagari
421 2756 576 2833 pessimae
592 2755 680 2816 modo
690 2753 891 2816 laborantibus
904 2757 963 2816 suis
978 2767 1134 2815 socom-ao

123 2857 205 2907 rere,
222 2839 309 2897 modo
325 2838 429 2907 hostis,
449 2838 500 2899 ubi
514 2839 728 2899 confertissumi
744 2836 931 2909 obstiterant,
948 2838 1099 2899 invadere:

123 2938 211 2981 mauu
234 2918 386 2979 consulere
410 2919 562 2989 militibus,
590 2923 726 2999 quoniam
744 2922 890 2996 imperare
918 2920 1100 2981 conturbatis

97 3003 259 3065 somnibus
274 3020 333 3062 non
348 3009 470 3081 poterat.
504 3003 624 3082 lamque
647 3003 708 3064 dies
725 3010 914 3082 consumptus
930 3012 1008 3074 erat,
1033 3021 1100 3064 cum

121 3097 219 3148 tamen
232 3085 351 3147 barbari
362 3087 433 3147 nihil
443 3088 592 3149 remittere
610 3094 711 3166 atque,
723 3088 765 3147 uti
777 3104 862 3165 reges
877 3093 1098 3166 praeceperant,

97 3177 238 3232 3ncctcm
257 3185 311 3247 pro
332 3172 436 3231 serati
458 3173 554 3233 acrius
571 3172 688 3233 instare.
732 3170 808 3232 Tum
829 3171 936 3232 Marius
957 3189 992 3230 ex
1015 3171 1134 3247 copias

121 3272 222 3316 rerum
245 3252 394 3313 consilium
411 3254 609 3333 trahif,atque‚
629 3256 671 3316 uti
691 3256 750 3315 suis
764 3255 896 3334 receptui
914 3252 996 3312 locus
1011 3258 1098 3322 esset,

122 3337 203 3397 collis
225 3338 298 3398 duos
318 3337 498 3415 propinquos
519 3339 594 3398 inter
615 3357 646 3400 se
666 3345 805 3416 occupat,
828 3353 954 3416 quorum
976 3336 1006 3396 in
1026 3353 1096 3405 uno,

121 3422 225 3480 castris
242 3437 347 3498 parum
370 3419 481 3498 amplo,
505 3421 568 3481 ious
587 3439 678 3499 aquae
700 3438 822 3499 magnus
844 3427 907 3481 erat
942 3416 1017 3480 alter
1031 3418 1097 3480 usui
