2392 3848
126 144 186 206 110
387 159 569 204 onartonus
591 160 632 200 nr
654 158 832 201 nmsrunnn

106 327 199 388 -quae
219 315 280 368 tum
299 307 453 369 formidine
474 315 620 367 mercatus
641 323 716 377 sum,
727 307 827 384 precio
848 303 942 365 soluto
961 307 1026 367 iure
1046 305 1097 365 do-

124 393 229 460 minus,
252 395 352 450 tamen
365 391 500 464 restituo,
513 407 609 468 neque
634 391 693 467 pati
717 386 867 448 consilium
891 394 935 448 est
952 387 1041 449 ullam
1061 408 1094 449 ex

74 486 106 538 19
125 474 235 534 civibus
254 472 394 551 praedam
415 491 487 534 esse.
535 472 609 532 Satis
625 472 674 532 illa
690 471 807 540 luerint,
831 489 905 550 quae
925 472 1007 532 rabie
1027 489 1096 532 con·

123 564 215 617 tracta
240 556 439 625 toleravimus,
466 572 569 615 manus
594 556 773 616 conserentis
800 556 876 615 inter
895 571 927 615 se
948 555 1097 616 Romanos

124 641 268 700 exercitus
287 646 316 699 et
336 657 417 699 arma
439 637 475 698 ab
498 639 624 699 externis
644 639 674 698 in
696 644 811 698 nosmet
830 655 925 698 vorsa.
945 636 1117 699 Scelerums

124 729 152 782 et
169 721 409 783 contumeharum
431 723 560 781 omnium
581 722 647 781 linis
668 722 712 780 sit.
740 720 872 791 Quorum
892 721 964 781 adeo
987 720 1096 782 Sullam

78 853 80 856 .
122 822 183 865 non
204 805 344 882 paenitet,
368 810 401 865 ut
419 812 448 865 et
465 804 539 864 lacta
560 806 589 864 in
608 804 699 880 gloria
720 811 856 864 numeret
890 810 930 877 et,
955 805 979 864 si
1001 803 1095 873 liceat,

123 887 232 948 avidius
252 889 362 949 iecerit.

71 980 105 1030 20
206 970 307 1049 Neque
327 973 385 1031 iam
401 971 469 1050 quid
491 972 668 1032 existumetis
689 970 726 1030 de
745 969 804 1039 illo,
823 976 867 1030 set
886 977 1025 1048 quantum
1045 987 1096 1030 au·

122 1054 213 1113 deatis
234 1071 355 1114 vereor:
375 1071 413 1113 ne
434 1054 507 1114 alius
528 1053 615 1114 alium
635 1054 797 1133 principem
823 1059 1009 1130 expectantes
1029 1061 1127 1114 antem

122 1137 274 1214 capiamini
297 1170 332 1180 -
353 1152 412 1195 non
435 1137 539 1215 opibus
561 1139 636 1206 eiua,
665 1153 739 1215 quae
761 1134 857 1196 futiles
883 1143 912 1196 et
935 1145 1094 1212 corruptae

121 1226 203 1287 sunt,
231 1226 275 1280 set
296 1225 392 1279 vostra
427 1218 575 1288 socordia,
611 1236 698 1297 quam
730 1226 847 1298 captum
881 1219 928 1278 ire
960 1216 1028 1277 licet
1067 1227 1095 1279 et

70 1323 102 1372 al
122 1319 209 1380 quam
235 1301 342 1363 audeas
370 1309 429 1362 tam
448 1302 539 1364 videri
559 1303 682 1364 felicem.
726 1301 800 1364 Nam
822 1310 937 1378 praeter
960 1301 1094 1362 satellites

122 1385 337 1447 conmaculatos
358 1389 421 1465 quis
439 1386 541 1448 eadem
560 1385 627 1454 volt,
651 1394 700 1446 aut
718 1387 782 1465 quis
799 1403 858 1445 non
873 1386 969 1445 omnia
985 1392 1094 1445 mutata

121 1476 238 1546 praeter
254 1470 414 1530 victorem?
436 1469 552 1531 Scilicet
566 1468 679 1539 milites,
701 1486 825 1548 quorum
841 1470 981 1547 sanguine
1002 1469 1093 1528 Taru·
1104 1489 1129 1528 as

120 1552 166 1613 lae
195 1555 363 1633 Scirtoque,
390 1555 533 1634 pessumis
552 1571 718 1622 servorum,
746 1552 858 1613 divitiae
887 1558 987 1629 partae
1017 1562 1092 1612 sunt.

120 1635 165 1696 An
186 1637 292 1714 quibus
317 1637 464 1715 praelatus
485 1640 515 1698 in
540 1636 755 1715 magistratibus
778 1635 927 1715 capiundis
955 1635 1092 1703 Fufidius,

70 1737 102 1786 22
121 1718 223 1779 ancilla
244 1722 347 1797 turpis,
370 1721 516 1782 bonorum
537 1723 667 1782 omnium
689 1719 996 1781 dehonestamentum?
1038 1717 1093 1776 lta·

121 1819 177 1880 que
197 1820 361 1862 maxumam
387 1804 458 1863 mihi
485 1803 619 1864 fiduciam
646 1805 723 1881 parit
745 1805 837 1863 victor
860 1805 1020 1870 exercitus,
1048 1802 1095 1860 cui

119 1901 173 1961 per
202 1890 243 1943 tot
270 1886 389 1946 volnera
415 1897 444 1945 et
464 1885 580 1947 labores
600 1887 671 1947 nihil
692 1892 809 1964 praeter
831 1892 985 1965 tyrannum
1007 1901 1128 1962 quae-zo

69 1984 101 2034 23
118 1969 205 2028 situm
228 1975 280 2028 est.
299 1968 359 2028 Nisi
381 1968 456 2029 lorte
477 1969 661 2029 tribuniciam
683 1976 855 2048 potestatem
876 1985 1011 2029 evorsum
1025 1985 1094 2045 pro·

11 2118 15 2124 ,
119 2051 186 2111 fecti
208 2058 289 2120 sunt,
317 2069 371 2130 per
395 2070 475 2112 arma
499 2052 643 2112 conditam
666 2072 681 2113 a
701 2051 860 2113 maioribus
886 2053 961 2121 suis,
995 2052 1093 2128 utique

119 2135 182 2194 iura
205 2142 234 2194 et
250 2134 355 2194 iudicia
376 2134 493 2195 sibimet
514 2143 737 2213 extorquerent:
760 2135 876 2212 egregia
892 2132 1002 2195 scilicet
1016 2151 1093 2193 mer·

120 2216 200 2284 cede,
223 2235 289 2276 cum
310 2217 430 2295 relegati
451 2219 481 2278 in
498 2217 620 2295 paludes
639 2228 668 2278 et
685 2217 770 2278 silvas
790 2217 993 2278 contumeliam
1008 2222 1094 2296 atque

69 2313 102 2361 24
118 2301 255 2360 invidimn
270 2319 367 2369 suam,
382 2302 512 2378 praemia
527 2319 617 2380 penes
634 2318 744 2382 paucos
760 2300 961 2377 intellegerint.
983 2300 1045 2370 Qua
1061 2317 1093 2360 re
1104 2319 1127 2360 n

11 2420 19 2429 --
119 2384 207 2459 igitur
228 2390 308 2443 tanto
328 2386 443 2461 agmine
465 2392 551 2463 atque
574 2387 676 2446 anhnis
696 2383 821 2444 incedit?
855 2382 928 2454 Quia
949 2382 1094 2444 secundae

118 2484 167 2526 res
185 2468 259 2526 mire
278 2474 346 2528 sunt
366 2469 440 2528 vitiis
462 2471 608 2546 optentui:
631 2467 735 2548 quibus
752 2465 905 2528 labefactis
928 2485 1015 2547 quam
1033 2465 1093 2525 lor·

119 2549 244 2609 midatus
265 2557 309 2608 est
322 2560 381 2609 tam
398 2559 616 2613 contemnetur:
638 2553 693 2612 nisi
710 2550 785 2612 lorte
802 2552 900 2627 specie
920 2549 1093 2610 concordiae

120 2640 148 2692 et
165 2634 255 2708 pacis,
278 2650 352 2711 quae
372 2633 475 2696 sceleri
496 2644 525 2695 et
541 2636 681 2713 paricidio
696 2653 748 2694 stro
767 2635 884 2693 nomina
902 2633 1019 2693 indidit:
1040 2650 1092 2692 ne·

119 2733 176 2794 que
202 2716 285 2776 aliter
307 2717 538 2795 rempublicam
560 2724 589 2778 et
614 2717 683 2780 belli
704 2719 792 2779 linem
814 2718 868 2786 ait,
902 2717 957 2776 nisi
978 2721 1094 2776 maneat
1102 2732 1128 2776 co

119 2798 238 2878 expulsa
260 2801 338 2875 agris
354 2799 470 2879 plebes,
493 2802 603 2879 praeda
618 2802 706 2863 civilis
723 2801 936 2869 acerbissuma,
959 2801 1004 2861 ius
1018 2799 1092 2859 iudi·

118 2884 253 2958 ciumque
274 2885 403 2942 omnium
424 2902 525 2945 rerum
554 2903 645 2962 penes
665 2905 712 2954 se,
739 2884 816 2962 quod
844 2883 945 2961 populi
969 2881 1093 2941 Romani

67 2978 100 3026 25
119 2963 181 3024 luit.
218 2962 298 3033 Quae
320 2966 344 3024 si
367 2964 448 3026 vobis
469 2985 526 3045 pax
555 2975 584 3027 et
610 2969 756 3045 conposita
778 2965 1004 3042 intelleguntur,
1031 2981 1092 3024 ma-

117 3065 205 3107 xuma
230 3047 413 3109 turbamenta
436 3049 633 3128 reipublicae
664 3057 749 3129 atque
773 3049 859 3110 exitia
881 3048 1019 3127 probate,
1042 3049 1092 3109 ad·

117 3132 197 3193 nuite
211 3131 324 3207 legibus
337 3133 482 3210 inpositis,
506 3135 627 3210 accipite
642 3134 730 3194 otium
749 3151 815 3193 cum
835 3133 963 3200 servitio,
987 3137 1016 3192 et
1033 3139 1127 3192 tra-os

118 3213 176 3274 dite
192 3213 357 3292 exemplum
372 3219 497 3291 posteris
517 3216 551 3277 ad
572 3216 798 3293 rempublicam
817 3218 923 3276 suimet
944 3216 1092 3290 sanguinis

67 3309 101 3360 26
117 3297 253 3358 mercede
268 3297 561 3360 circumveniundam.
584 3299 666 3371 Mihi,
685 3316 859 3376 quamquam
873 3317 928 3377 per
943 3298 1000 3358 hoc
1013 3314 1093 3358 sum-

118 3397 197 3438 mum
207 3382 365 3459 imperium
373 3384 441 3442 satis
452 3383 614 3463 quaesitum
631 3391 691 3442 erat
706 3383 814 3442 nomini
831 3385 983 3449 maiorum,
1000 3381 1094 3460 digni·
