2392 3848
218 198 261 240 nn
285 197 458 238 certaturn
481 195 722 238 conrvnamone
745 195 773 236 c.
796 186 837 240 29.
857 185 900 237 30.
921 187 962 240 dt.
1043 175 1081 233 15

103 355 158 414 tue,
180 344 257 424 quod
272 361 369 422 neque
390 343 495 403 urbem
517 342 554 402 ab
576 341 686 401 insidiis
701 343 812 420 private
829 339 948 402 consilio
964 340 1082 418 longius

101 427 179 488 tueri
199 432 322 504 poterat,
339 444 436 505 neque
458 427 602 489 exercitus
615 424 703 485 Manli
722 432 848 504 quantus
868 431 918 485 aut
936 442 994 503 quo
1010 443 1096 506 con·⁴

101 511 165 570 silio
182 511 259 570 leret
273 512 341 570 satis
357 516 530 586 conpertum
544 507 679 576 babebat,
702 525 766 568 rem
782 509 819 568 ad
832 513 964 568 senatum
979 508 1077 576 relert,

102 596 159 654 iam
178 600 261 654 antea
284 593 361 669 volgi
376 592 545 653 rumoribus
559 593 744 669 exagitatum.
780 592 895 669 ltaque,
918 591 997 669 quud
1017 590 1105 667 pte-2

79 695 226 756 urumque
253 679 282 736 in
305 677 397 736 atroci
419 677 536 752 negotio
559 674 649 743 solet,
671 682 789 735 senatus
816 674 958 743 decrevit,
976 674 1080 734 darent

102 777 222 836 operam
243 759 378 819 consules
413 776 451 818 ne
473 759 544 836 quid
560 775 609 817 res
629 756 747 833 publica
764 757 929 817 detrimenti
951 764 1078 834 caperet.

101 842 142 902 Ea
166 848 293 918 potestas
318 858 372 917 per
396 846 529 899 senatum
553 857 636 899 mure
661 839 793 898 liemano
815 841 996 916 magistratui
1016 850 1105 901 ma·3

100 941 188 984 xuma
210 924 401 1002 permittitur,
425 923 585 983 exercitum
599 939 719 1000 parare,
736 919 852 982 ‘bellum
867 938 980 998 gerere,
996 940 1079 982 coer-

101 1025 168 1069 cere
191 1006 327 1067 omnibns
347 1005 441 1065 modis
463 1006 559 1064 socios
580 1011 666 1083 atque
689 1005 772 1072 civis,
803 1004 882 1065 domi
903 1004 1079 1084 militiaeque

66 1092 354 1171 reimperiumatque
376 1088 514 1149 indicium
533 1105 680 1150 summum
699 1087 825 1148 babere:
846 1087 928 1148 aliter
946 1089 1008 1149 sine
1024 1106 1077 1166 po-

100 1173 160 1249 puli
180 1175 261 1233 iussu
277 1171 385 1232 nullius
407 1189 508 1232 earum
522 1189 624 1233 rerum
646 1170 758 1232 consuli
778 1172 823 1231 ins
838 1178 890 1232 est.
922 1172 992 1232 Post
1005 1190 1076 1250 pau-
1088 1175 1129 1237 30

101 1274 150 1315 ces
167 1257 228 1316 dies
243 1255 275 1316 L.
292 1255 414 1315 Saenius
429 1262 546 1314 senator
561 1257 591 1314 in
608 1261 710 1315 senatu
726 1253 836 1314 litteras
850 1256 989 1324 recitavit,
1006 1273 1078 1334 qrras

100 1338 229 1398 Faesulis
248 1337 358 1397 adlatas
380 1337 434 1397 sibi
453 1337 582 1406 dicebat,
606 1339 636 1397 in
658 1337 764 1415 quibus
786 1339 925 1416 scriptum
944 1347 1021 1406 erat,
1042 1338 1076 1398 G.

99 1420 239 1481 Manlium
260 1437 341 1480 arma
365 1421 476 1498 cepisse
498 1438 565 1480 cnm
585 1436 690 1496 magna
707 1419 890 1481 multitudine
913 1422 1078 1482 antediem

67 1503 144 1564 rsVl.
169 1503 313 1564 kalendas
334 1502 515 1564 Novembris.
554 1502 659 1571 Simul,
683 1503 711 1562 id
732 1503 811 1582 quod
825 1504 855 1563 in
873 1503 923 1564 tali
946 1503 1103 1574 reserent

99 1587 146 1647 alii
160 1593 295 1664 portenta
310 1595 398 1666 atque
415 1587 548 1665 prodigia
562 1585 747 1654 nuntiabant,
767 1586 815 1646 alii
831 1593 991 1647 conventus
1003 1587 1076 1657 lieri,

101 1689 179 1730 arma
192 1672 312 1748 portari,
331 1669 447 1747 Capuae
462 1678 549 1748 atque
560 1671 591 1729 in
602 1668 704 1746 Apulia
719 1669 822 1730 servile
834 1668 945 1731 bellum
956 1672 1075 1730 moveri.

100 1753 191 1829 Igitur
207 1755 300 1813 senati
315 1753 434 1813 decretu
451 1753 485 1824 Ο.
502 1753 627 1813 Marcius
641 1752 704 1813 Rex
719 1752 870 1823 Faesulas,
894 1753 927 1824 Q.
945 1753 1103 1814 bletellus3

101 1835 232 1894 Creticus
252 1837 282 1894 in
301 1834 434 1912 Apuliam
456 1837 626 1914 circumque
642 1853 675 1896 ca
690 1835 754 1897 lece
768 1838 848 1897 missi
865 1871 900 1881 -
917 1837 943 1897 ei
963 1837 1078 1916 utrique

65 1940 90 1980 ρο
100 1919 137 1978 ad
156 1917 261 1978 urbem
277 1920 471 1998 imperatores
485 1925 582 1987 erant,
604 1919 724 1996 inpediti
743 1936 780 1979 ne
796 1919 1013 1996 triumpharent
1027 1930 1103 1980 cat

99 2001 207 2061 lumnia
228 2019 405 2079 paucorum,
429 2002 535 2080 quibus
555 2003 652 2061 omnia
673 2002 793 2062 honesta
815 2009 902 2080 atquc
923 2004 1076 2063 inhonesta

98 2085 225 2146 vendere
240 2103 304 2144 mos
320 2092 382 2144 crat
399 2119 451 2155 —-,
470 2091 516 2145 set
528 2091 679 2162 praetores
695 2083 728 2154 Q.
745 2084 900 2162 Pompeius
914 2085 1008 2146 llulus
1025 2085 1104 2146 Ca-5

98 2185 200 2246 puam,
224 2166 257 2237 O.
277 2168 409 2229 Metellus
430 2168 514 2230 Celer
534 2171 563 2228 in
586 2184 688 2245 agrum
711 2169 865 2237 Picenum,
889 2169 989 2247 eisquc
1009 2186 1077 2247 per-

98 2252 233 2319 missum,
256 2253 299 2311 uti
320 2269 374 2328 pro
396 2259 528 2330 tempore
544 2259 630 2330 atque
645 2250 775 2328 periculo
795 2253 954 2312 exercitum
970 2270 1076 2330 conpa-

64 2341 207 2395 rsrarent.
241 2335 285 2394 nd
304 2334 374 2403 bec,
399 2336 501 2413 siquis
516 2335 750 2395 indicavissetde
768 2335 984 2403 coniuratione,
1002 2345 1103 2412 quaed

98 2424 200 2477 contra
214 2435 279 2476 rem
293 2416 440 2494 publicam
454 2411 529 2477 taeta
546 2423 622 2484 erat,
635 2418 797 2494 praemium
812 2433 896 2476 servo
912 2417 1075 2478 libertatem

99 2507 127 2560 et
148 2501 281 2560 sestertia
296 2504 427 2568 centum,
450 2498 543 2559 libero
557 2500 747 2577 inpunitatem
763 2500 825 2559 eius
840 2500 883 2559 rei
901 2505 930 2560 et
944 2502 1075 2561 sestertia

99 2583 237 2653 ducenta,
259 2583 387 2660 itemque
409 2583 581 2652 decrevere,
605 2584 647 2643 uti
668 2582 855 2659 gladiatoriae
877 2582 1002 2645 lamiliae
1022 2583 1102 2648 (la-7

98 2684 186 2744 puam
204 2673 233 2726 et
253 2667 283 2726 in
300 2672 398 2726 cetera
419 2666 574 2745 municipia
594 2665 838 2727 distribuerentur
858 2682 912 2744 pro
936 2667 1075 2746 citiusque

63 2749 212 2827 saepibus,
227 2749 338 2810 Romae
356 2766 409 2826 per
425 2755 513 2810 totam
528 2749 633 2809 urbem
649 2749 760 2826 vigiliae
779 2748 959 2810 haberentur
976 2750 1075 2828 eisque

98 2833 226 2892 minores
247 2833 430 2908 magistratus
445 2839 621 2910 praeessent.
656 2831 767 2902 Quibus
782 2831 872 2893 rebus
885 2842 1018 2910 permota
1036 2835 1075 2894 ci·
1086 2833 1120 2894 31

97 2917 168 2975 vitas
190 2922 277 2994 atque
296 2917 437 2976 inmutata
455 2915 538 2976 urbis
560 2915 648 2977 iacies
671 2922 741 2978 erat.
765 2915 811 2976 Ex
833 2933 947 2977 summa
968 2915 1075 2977 laetitia

97 3004 184 3077 atque
198 2999 327 3066 lascivia,
351 3016 425 3076 qnae
444 2999 579 3060 diuturna
597 3001 679 3078 quies
693 3007 857 3078 pepererat,
876 3007 996 3079 repente
1013 3019 1074 3061 om-

96 3082 142 3142 nis
163 3082 277 3141 tristitia
293 3082 411 3159 invasit:
434 3082 571 3144 lestinare
592 3082 753 3159 trepidare,
773 3101 869 3160 neque
890 3082 955 3144 loce
978 3102 1074 3162 neque

62 3187 87 3228 ss
97 3165 207 3226 homini
223 3164 359 3242 cuiquam
379 3165 447 3223 satis
468 3165 603 3233 credere,
626 3182 722 3243 neque
735 3164 845 3226 bellum
860 3183 964 3243 gerere
979 3180 1101 3245 nequet

96 3267 199 3326 pacem
209 3245 336 3316 habere,
354 3264 408 3306 suu
427 3248 550 3325 quisque
565 3254 645 3308 metu
665 3247 794 3326 pericula
815 3250 920 3311 metiri.
953 3249 997 3310 dd
1018 3249 1101 3311 hnctt

97 3332 249 3402 mulieres,
273 3329 379 3410 quibus
401 3331 445 3390 rei
464 3330 596 3409 publicae
615 3333 812 3408 magnitudine
830 3331 900 3393 bebi
920 3332 1008 3392 timor
1029 3333 1073 3393 in·

96 3415 197 3476 sobtus
212 3416 386 3485 incesserat,
407 3412 555 3474 adllictare
569 3431 650 3484 sese,
672 3432 775 3474 manus
793 3412 932 3490 subplicis
948 3415 984 3477 ad
1007 3433 1073 3478 cae·

1049 3528 1145 3576 n
