2392 3848
117 142 157 205 SS
357 166 398 205 nra
421 164 521 205 aterno
545 164 744 206 rrurnromo
768 163 797 206 c.
818 155 862 209 85.

91 320 146 371 aet
167 312 334 389 superbiam
358 320 481 372 aetatem
497 330 594 390 agere.
628 312 678 371 Set
700 312 769 371 milii
792 318 893 372 eontra
915 329 950 371 ea
971 312 1104 377 ridetur:

117 412 186 455 nam
213 414 271 474 qno
292 396 382 473 pluris
405 404 450 455 est
472 397 608 455 univorsa
626 413 674 456 res
691 395 806 475 publiea
821 412 908 473 quam
929 394 1105 459 consulatus

118 489 169 538 aut
183 487 335 557 praetura,
357 494 393 538 eo
408 480 518 539 maiore
533 496 605 538 eura
619 478 697 538 illam
711 479 905 539 administrari
921 496 1013 556 quam
1028 479 1105 543 baeo

90 564 177 640 apeti
192 562 310 623 debere.
336 560 438 637 Neque
452 580 501 622 me
516 560 602 629 lallit,
619 570 760 639 quantum
771 579 838 622 enm
846 559 1107 623 maxumobenen·

114 660 159 715 rio
172 662 270 712 rostro
283 650 382 727 negoti
399 649 568 709 sustineam.
585 644 698 705 llollum
714 662 820 723 parare
835 642 920 705 simul
937 652 968 705 et
982 649 1125 709 aerarios

117 745 249 804 parcere,
268 746 375 809 eogere
390 729 427 789 ad
442 728 572 789 militiam
588 746 638 789 eos
655 746 729 807 quos
743 728 817 788 nolis
832 727 1004 799 obtendere,
1019 730 1102 791 domi

117 810 247 891 lorisque
267 815 364 874 omnia
378 831 497 881 curare,
522 820 550 872 ot
565 830 598 872 ea
614 830 702 890 agere
718 814 793 872 inter
810 811 921 872 invidos
937 828 1101 875 occursan-

91 897 152 955 stis
176 896 311 957 factiosos
326 898 476 975 opinione,
499 894 638 965 Quirites,
661 897 794 974 asperius
809 902 861 956 est.
894 894 1026 965 aldhoo,
1052 898 1101 959 alii

115 980 138 1037 si
155 979 321 1057 deliquere,
342 986 424 1040 retus
442 979 595 1048 nobilitas,
618 980 760 1039 maiorum
778 978 860 1039 lortia
877 978 966 1047 lacta,
987 996 1099 1058 cogna-

116 1070 213 1121 torum
233 1071 263 1123 et
282 1062 420 1123 adllnium
449 1080 535 1140 opes,
565 1060 672 1121 multae
699 1061 863 1130 clientelae,
894 1062 992 1122 omnia
1021 1062 1135 1126 haeum

116 1146 260 1219 praesidio
280 1146 401 1205 adsunt:
419 1145 490 1204 mihi
512 1158 579 1220 spos
598 1162 699 1205 omnes
728 1146 757 1204 in
780 1154 887 1207 memet
906 1145 994 1215 sitae,
1023 1164 1100 1225 quas

116 1244 237 1287 necesse
262 1236 306 1285 est
327 1229 432 1286 virtute
454 1233 482 1286 et
504 1228 668 1287 innocentia
689 1230 800 1289 tutari:.
814 1247 881 1289 nam
904 1226 959 1288 alia
980 1229 1097 1291 inllrma

91 1316 193 1371 esunt.
231 1309 267 1371 Et
281 1309 352 1370 illud
369 1309 514 1389 intellego,
538 1309 672 1382 Quirites,
691 1314 821 1373 omnium
836 1330 887 1371 ora
910 1313 939 1370 in
958 1330 1006 1373 me
1025 1332 1098 1375 eon·

116 1410 202 1453 ror-sa
225 1412 307 1464 esse,
329 1411 438 1474 aequos
457 1394 607 1473 bonosque
629 1395 726 1456 lavere
751 1429 785 1439 ·-
803 1397 910 1474 quippe
933 1413 999 1456 mea
1019 1396 1098 1458 bene

119 1476 193 1539 taeta
215 1477 413 1557 reipublicae
435 1479 598 1556 procedunt
619 1512 671 1546 -,
694 1477 874 1539 nobilitatem
895 1477 993 1539 locum
1016 1481 1134 1541 inve-m

89 1574 105 1623 u
115 1562 203 1623 «seneli
218 1580 370 1641 quaerere.
400 1561 464 1631 Quo
479 1562 549 1621 mini
562 1563 658 1622 aerius
669 1562 858 1622 adnitundum
870 1570 927 1629 est,
944 1563 986 1623 uti
998 1581 1097 1643 neque

91 1660 166 1705 tros
182 1648 335 1723 capiamini
355 1653 383 1705 et
398 1645 436 1705 illi
454 1645 561 1705 frustra
575 1646 640 1703 sint.
680 1644 721 1704 lta
740 1645 778 1705 ad
796 1645 853 1706 hoe
870 1646 970 1706 aetatis
988 1664 1007 1707 a
1022 1664 1095 1725 pue·

114 1730 179 1787 ritia
202 1728 255 1795 lui,
279 1730 321 1787 nti
343 1730 436 1787 omnis
460 1726 576 1787 labores
597 1734 626 1787 et
645 1728 775 1805 pericula
799 1736 936 1790 consueta
958 1729 1094 1792 habeam.

88 1810 197 1881 sQuae
211 1818 277 1871 ante
293 1818 389 1869 rostra
405 1809 538 1871 benilleia
554 1813 679 1887 gratuito
696 1812 846 1882 laciebam,
865 1831 899 1873 ea
916 1814 957 1872 uti
974 1822 1095 1892 accepta

89 1894 252 1961 omereede
267 1894 410 1965 deseram,
428 1901 546 1955 nonest
561 1894 721 1965 consilium,
740 1897 875 1968 Quirites,
904 1895 963 1956 lllis
978 1896 1132 1959 difficilem

114 1986 157 2039 eet
173 1981 201 2041 in
216 1979 408 2059 potestatibus
419 1987 591 2057 temperare,
608 1981 657 2058 qui
673 1997 726 2057 per
741 1980 928 2041 ambitionem
945 1998 1009 2043 sese
1024 1998 1094 2058 pro·

113 2063 168 2125 bos
183 2063 372 2125 simulavere:
396 2064 477 2133 mini,
494 2065 544 2141 qui
566 2081 682 2123 omnem
697 2070 821 2124 aetatem
837 2065 865 2123 in
883 2065 1008 2142 optumis
1025 2067 1093 2125 arti·

114 2145 169 2205 bus
188 2148 243 2221 egi,
259 2145 335 2207 bene
350 2147 447 2206 lacere
462 2147 519 2205 iam
531 2164 566 2206 ex
582 2146 792 2207 consuetudine
806 2148 836 2207 in
850 2154 985 2208 naturam
997 2150 1091 2209 vortit.

75 2245 105 2297 ιο
198 2225 311 2289 bellurn
333 2245 380 2287 me
401 2244 506 2306 gerere
523 2246 589 2289 cum
605 2227 745 2307 lugurtha
763 2231 900 2300 iussistis,
919 2249 1007 2311 quam
1028 2250 1092 2293 rem

113 2310 248 2375 nobilitas
266 2328 440 2391 aegerrume
462 2310 535 2375 tulit.
581 2312 710 2385 Quaeso,
742 2322 876 2393 reputate
899 2333 965 2376 oum
988 2316 1126 2376 animisea

113 2400 232 2467 vostris,
261 2398 374 2459 numid
396 2400 503 2460 mutari
524 2396 626 2461 melius
649 2399 698 2467 sit,
722 2400 746 2459 si
769 2417 857 2477 quem
878 2417 914 2459 ex
936 2399 983 2458 illo
1003 2397 1091 2476 globo

113 2480 269 2543 nobilitatis
285 2483 321 2543 ad
337 2482 393 2543 hoe
407 2491 458 2543 aut
472 2483 550 2544 aliud
565 2481 621 2543 tale
634 2485 784 2561 negotium
800 2484 926 2552 mittatis
943 2482 1092 2544 hominem

113 2566 217 2624 veteris
234 2566 387 2639 prosapiae
401 2580 436 2624 ac
452 2564 610 2627 multarum
623 2567 783 2640 imaginum
795 2575 824 2625 et
838 2565 945 2626 nullius
956 2567 1091 2643 stipendis

112 2645 222 2706 seilicet
235 2650 268 2705 ut
282 2646 312 2703 in
329 2652 407 2704 tanta
426 2661 460 2704 re
474 2647 594 2721 ignarus
609 2648 739 2706 omnium
754 2647 880 2723 trepidet
897 2649 1026 2718 festinet,
1041 2667 1090 2710 su·

74 2744 98 2795 tl
112 2736 172 2789 mat
186 2727 311 2807 aliquem
327 2746 363 2789 ex
377 2725 486 2805 populo
497 2729 672 2787 monitorem
687 2728 765 2788 oillei
783 2730 837 2788 sui.
859 2730 901 2791 lta
917 2731 1090 2810 plerumque
1100 2749 1127 2791 ao

112 2814 216 2879 euenit,
239 2812 281 2869 uti
296 2827 384 2884 quem
400 2826 450 2867 vos
469 2810 617 2886 imperare
638 2811 779 2878 iussistis,
809 2813 835 2870 is
858 2813 944 2889 [sibi]
962 2814 1089 2885 impera·

72 2899 205 2957 notorem
220 2889 308 2947 alium
324 2894 453 2962 quaerat.
494 2892 588 2962 Atque
610 2904 664 2960 ego
683 2889 752 2953 seio,
776 2888 910 2954 Quirites,
933 2890 992 2962 qui,
1008 2897 1088 2961 post-

111 2986 197 3049 quam
218 2965 352 3028 eonsules
375 2966 441 3026 laeti
463 2973 538 3036 sunt,
562 2972 591 3026 et
611 2973 674 3026 acta
690 2967 834 3029 malorum
855 2974 885 3028 et
906 2967 1087 3030 Graecorum

109 3052 242 3114 militaria
260 3057 415 3127 praecepta
438 3050 536 3127 legere
554 3051 718 3127 coeperint:
742 3054 924 3129 praeposteri
938 3052 1086 3115 homines:

109 3152 177 3195 narn
198 3150 303 3210 gerere
326 3151 413 3212 quarn
435 3135 498 3195 deri
525 3141 657 3211 tempore
680 3135 841 3213 posterius,
870 3156 902 3198 re
925 3146 1011 3217 atque
1033 3156 1086 3197 usu
1096 3157 1121 3195 aa

70 3230 99 3280 13
110 3220 192 3296 prius
210 3225 261 3279 est.
299 3217 460 3296 Conparate
479 3237 565 3287 nune,
583 3220 718 3289 Quirites,
735 3237 802 3280 eum
818 3220 934 3283 illorum
952 3221 1087 3300 superbia

109 3320 157 3363 me
180 3301 330 3364 hominem
350 3321 465 3362 norom.
505 3303 585 3373 Quae
607 3302 646 3363 illi
669 3303 770 3364 audire
792 3313 842 3365 aut
862 3305 961 3381 legere
983 3304 1085 3374 solent,

109 3405 211 3448 eorum
226 3395 340 3466 partem
361 3387 426 3455 vidi,
444 3385 498 3447 alia
520 3394 636 3463 egomet
650 3388 740 3465 gessi:
763 3406 837 3466 quae
858 3388 898 3448 illi
918 3388 1028 3455 litteris.
1053 3408 1086 3451 ea

75 3559 89 3634 l
