2392 3848
144 205 184 268 50
350 227 393 268 ns
410 225 512 268 annuo
533 223 733 267 rvovnrnmo
755 222 782 264 o.
809 213 911 267 1111.

144 373 218 433 dinis
232 372 310 433 dorni
324 374 496 434 minuendae
514 374 605 451 gratia
625 371 773 432 sollicitata
792 367 878 446 plebe
900 375 930 426 et
950 364 1012 426 aliis
1030 382 1123 427 nova·

143 473 210 517 rum
223 473 325 516 11111111
341 455 439 524 aridis,
454 456 617 532 Hipponem
634 454 846 515 Hadrumetum
860 450 974 528 Leptim
990 447 1124 529 aliasque

142 538 269 599 urbisin
284 555 336 598 ora
350 539 503 597 marituma
515 538 680 607 condidere,
696 553 804 614 eaeque
815 534 897 594 breri
914 530 1038 593 multum
1049 550 1122 593 auc·

115 627 188 680 ttae
209 638 278 699 pars
292 619 452 698 originibus
467 622 527 681 suis
541 620 698 698 praesidio,
720 620 792 679 aliae
806 618 904 679 decori
919 615 1012 677 luere.
1044 615 1123 677 Nam

143 705 179 764 de
201 702 374 781 Carthagine
392 702 478 765 silere
492 703 595 764 melius
615 710 686 780 puto
697 719 784 781 quam
800 718 905 780 parum
916 699 1024 767 dicere,
1043 716 1145 777 quo-s

141 788 219 846 niam
242 787 299 847 alio
320 804 481 864 properare
501 795 617 864 tempus
631 793 739 847 monet.

113 878 130 929 3
225 870 316 948 Igitur
333 870 368 930 ad
385 870 609 939 Catabathmon,
625 872 673 948 qni
695 870 777 930 locus
792 868 952 944 Aegyptum
967 864 1004 926 ab
1020 864 1120 928 Africa

142 953 249 1021 dividit,
265 953 394 1012 secundo
409 955 484 1012 mari
498 955 592 1032 prima
608 952 722 1012 (Iurene
741 957 798 1018 est,
817 948 929 1010 colonia
951 949 1118 1019 Theraeoa,

141 1054 176 1096 ae
194 1036 330 1113 deinceps
345 1036 419 1095 duae
437 1034 552 1114 Syrtes,
572 1037 705 1114 interque
724 1051 774 1095 eas
791 1033 905 1110 Leptis,
929 1032 1033 1094 deinde
1048 1032 1118 1093 Phi·

140 1116 246 1178 laenon
265 1136 348 1186 arae,
372 1135 460 1196 quem
480 1117 578 1195 locum
598 1118 759 1197 Aegyptum
785 1133 888 1176 vorsus
913 1117 1000 1177 ilnem
1010 1116 1118 1193 imperi
1130 1133 1157 1175 re

114 1201 271 1260 shabuere
286 1200 545 1277 Carthaginienses,
564 1211 630 1279 post
645 1200 716 1263 aliae
734 1201 860 1262 Punicae
881 1200 980 1261 urbes.
1014 1199 1119 1260 Cetera

140 1283 203 1344 loca
226 1300 318 1361 usque
339 1283 376 1344 ad
390 1282 598 1346 Mauretaniam
614 1284 756 1346 Numidae
772 1291 879 1352 tenent,
908 1283 1045 1362 proxumi
1066 1282 1118 1343 lli·

114 1367 240 1446 5spania
262 1366 356 1428 Mauri
376 1374 453 1427 sunt.
496 1367 591 1446 Super
609 1368 772 1429 Numidiam
792 1366 930 1429 Gaetulos
950 1367 1118 1442 accepimus

112 1453 244 1529 dpartim
264 1452 294 1511 in
314 1453 437 1531 tuguriis
475 1451 547 1512 alios
567 1451 702 1512 incultius
723 1467 812 1528 vagos
833 1452 956 1525 agitare,
979 1455 1046 1526 post
1064 1465 1116 1510 eos

115 1535 296 1612 ndethiopas
310 1553 383 1605 esse,
405 1534 511 1596 debinc
526 1534 591 1595 loca
612 1540 712 1595 exusta
733 1532 801 1593 solis
821 1533 985 1594 ardoribus.
1023 1532 1116 1609 igitur
1127 1548 1153 1589 11

138 1617 215 1678 bello
237 1617 409 1694 iugurthino
430 1616 570 1697 pleraque
591 1636 627 1678 ex
649 1616 765 1678 Punicis
785 1616 891 1695 oppida
911 1623 939 1676 et
959 1616 1024 1675 finis
1044 1614 1116 1676 car-
1139 1659 1142 1665 ,

137 1700 370 1777 thaginiensium,
384 1716 458 1778 quos
468 1703 633 1761 novissume
644 1698 815 1770 habuerant,
827 1699 953 1779 populus
964 1698 1116 1760 Romanus

137 1801 191 1861 per
212 1783 397 1860 magistratus
418 1781 645 1853 administrabat,
668 1783 858 1846 Gaetulorum
875 1800 980 1862 magna
1001 1799 1070 1860 pars
1085 1790 1116 1842 et

137 1865 278 1928 Numidae
298 1883 392 1944 usque
415 1867 451 1928 ad
470 1865 579 1928 llumen
591 1863 775 1927 Muluccham
786 1866 841 1927 sub
857 1864 998 1945 Iugurtha
1020 1872 1113 1935 erant,

137 1950 245 2011 Mauris
267 1950 402 2012 omnibus
422 1969 475 2012 111
496 1949 629 2011 Bocchus
645 1947 840 2027 imperitabat,
868 1955 985 2026 praeter
1005 1963 1149 2010 nomento

138 2040 235 2094 cetera
256 2036 375 2111 ignarus
396 2032 498 2111 populi
518 2033 641 2093 Romani
665 2035 793 2109 itemque
814 2031 899 2091 nobis
918 2047 1014 2109 neque
1034 2031 1113 2093 bello

111 2130 233 2192 sueque
256 2133 330 2192 paee
354 2122 438 2175 antea
460 2116 601 2188 cognitus.
642 2113 683 2172 lle
705 2113 851 2173 11111111
871 2115 933 2174 eius
954 2114 1056 2175 ineolis
1076 2117 1113 2176 ad

136 2196 381 2255 necessitudinem
403 2197 448 2255 rei
467 2195 536 2253 satis
557 2194 674 2254 dietum.

85 2285 126 2347 20
218 2277 375 2356 Postquam
395 2277 484 2336 diviso
506 2293 599 2355 regno
620 2277 707 2354 legati
726 2278 823 2342 Alrioa
841 2281 994 2343 decessere
1013 2288 1042 2341 et
1063 2280 1111 2343 lu·

136 2361 241 2441 gurtha
257 2368 358 2420 contra
368 2361 502 2420 timorem
517 2361 605 2421 animi
617 2364 747 2438 praemia
762 2365 880 2426 sceleris
895 2365 1032 2445 adeptum
1045 2381 1146 2427 111111

134 2445 220 2514 ridet,
244 2449 357 2504 certum
372 2461 436 2505 esso
454 2450 545 2514 ratus,
569 2445 647 2524 quod
668 2465 703 2507 ex
719 2449 818 2508 amieis
833 2449 910 2528 apud
926 2449 1109 2510 Numantiam

135 2532 297 2604 acceperat,
320 2528 416 2586 omnia
430 2526 541 2588 Romae
555 2527 666 2588 venalia
681 2546 754 2600 esse,
772 2533 858 2592 simul
874 2539 902 2591 et
916 2531 1031 2592 illorum
1045 2530 1109 2608 pol·

133 2607 339 2669 licitationibus
353 2608 504 2677 adsensus,
520 2627 594 2686 quos
608 2609 695 2685 paulo
711 2620 777 2672 ante
790 2612 962 2672 muneribus
976 2613 1108 2689 explere·

51 2740 55 2745 .
71 2742 76 2751 ,
109 2698 193 2762 orat,
215 2694 244 2752 in
258 2708 384 2770 regnum
398 2689 569 2752 Adherbalis
582 2693 711 2754 animum
723 2695 853 2755 intendit.
884 2694 950 2775 lpse
964 2712 1032 2755 acer
1046 2694 1107 2754 bel·

132 2776 250 2844 licosus,
263 2782 292 2835 at
306 2778 339 2846 is,
352 2794 439 2854 quem
450 2774 575 2852 potebat,
588 2775 702 2854 quietus
712 2776 835 2847 inbellis,
852 2778 966 2855 placido
982 2780 1106 2857 ingenio,
1117 2795 1144 2838 ao

106 2859 597 2933 aopportunusinimiae,metuens
610 2861 702 2937 magis
713 2878 800 2938 quam
812 2863 994 2923 metuendus,
1018 2863 1108 2941 Igitur

132 2958 167 2999 11
179 2940 325 3016 inproviso
339 2941 404 3000 finis
415 2941 477 3002 eius
489 2957 555 3000 eum
568 2958 672 3019 magna
683 2960 771 3004 manu
782 2945 898 3014 invadit,
910 2943 1017 3006 multos
1028 2963 1108 3006 mor·

132 3021 196 3083 talis
211 3040 277 3082 eum
291 3039 399 3099 pecore
414 3030 501 3102 atque
515 3023 569 3084 alia
584 3025 693 3102 praeda
715 3029 804 3106 capit,
828 3028 956 3089 aedilicia
969 3029 1105 3098 incendit,

104 3106 271 3185 apleraque
288 3106 351 3166 loca
366 3107 508 3169 hostiliter
530 3127 596 3169 eum
619 3111 748 3189 equitatu
769 3112 890 3183 adeedit,
913 3112 1018 3174 deinde
1039 3130 1105 3173 eum

132 3192 212 3251 omni
234 3189 418 3251 multitudine
439 3193 469 3251 in
489 3209 613 3271 regnum
633 3212 720 3256 sunm
744 3197 901 3265 convertit,
930 3197 1141 3256 11111111111111

131 3271 326 3334 Adherbalem
345 3272 446 3335 dolore
466 3283 632 3351 permotum
654 3279 772 3339 iniurias
786 3296 854 3340 suas
874 3295 963 3338 manu
980 3278 1106 3339 vindiea-

103 3361 230 3420 sturum
246 3375 368 3437 eamque
384 3374 446 3418 rem
461 3356 530 3418 belli
545 3375 676 3420 caussam
690 3362 763 3422 lore.
794 3362 830 3421 tt
845 3361 901 3428 ille,
919 3361 995 3437 quod
1009 3378 1105 3440 neque

128 3454 162 3497 se
172 3456 278 3516 parem
293 3442 381 3502 armis
397 3440 589 3504 existumabat
603 3450 631 3503 et
644 3446 768 3505 amicitia
790 3444 890 3525 populi
904 3443 1027 3505 Romani
1043 3463 1104 3505 ma·
