2392 3848
300 224 343 264 nu
361 221 461 264 suuuo
481 221 681 265 rusverruuo
705 221 732 264 c.
755 213 797 264 tr.
818 213 859 265 25.
1026 203 1066 264 53

95 379 138 430 est
159 370 290 439 relicum,
311 371 370 430 nisi·
384 372 545 438 vlsvcstre,
569 384 627 447 quc
642 367 753 429 mereri
769 367 877 447 pessit?
918 368 992 429 Nam
1013 383 1094 445 egos

96 452 212 539 quidem
231 451 344 521 vellem,
367 459 396 514 et
415 453 490 514 h'eee
512 470 588 531 quae
602 451 715 522 scribo,
732 456 761 511 et
774 450 826 511 illa<
843 464 917 532 quae
931 459 1016 515 eutee
1037 456 1066 514 in

94 542 196 598 sentite
220 543 339 615 questus
351 546 432 606 surr,
451 552 524 595 reue
538 534 637 596 duent
653 535 751 614 petius
767 548 857 614 queut
870 537 1068 598 miserie-mee

95 619 185 679 edem
209 618 305 680 verltls
326 618 444 679 laceret.
493 619 544 680 Set
564 620 706 698 queniam·
723 632 758 680 eu
779 619 955 703 uetus'stuu,
973 628 1006 680 ut
1019 621 1065 681 lu-
1078 637 1110 689 ιο

75 702 219 778 rgurthre
240 700 386 762 scelerum
405 704 531 762 ostentui
549 714 660 770 esseut,
682 714 743 760 uon
756 702 952 763 iem¹mertem
972 720 1069 782 neque

94 792 258 852 aerumuts
280 783 396 843 tautum
407 784 495 843 mode
508 784 617 843 iuirulci
628 784 792 862 imperium·
802 792 832 844 et
842 786 987 846 cruciatus
1003 804 1068 846 cer-

94 867 176 942 poris
196 865 349 942 deprecor.
390 864 493 942 Regno
514 865 680 935 Numidiae,
703 865 781 943 qued
801 871 932 927 vostrum
950 875 1006 937 est,
1027 873 1070 930 uti

95 948 183 1018 lubet,
208 947 363 1008 consulte:
379 960 428 1009 ute
441 947 673 1025 meuilrtrsirrplls
687 948 799 1025 eripite,
820 962 881 1028 per
890 950 1069 1012 maiestatem

92 1032 207 1110 imperi,
221 1042 280 1109 prr*
294 1032 436 1092 auriciliae
456 1031 552 1100 tidem,
572 1032 597 1091 si
615 1029 674 1090 ulla*
695 1031 773 1108 apud
795 1046 847 1091 rcs
860 1036 1001 1094 ureuteria
1021 1053 1069 1096 re·

61 1122 191 1174 remanet
211 1115 257 1175 erl
278 1115 335 1174 mei
355 1113 558 1175 Masinissee.''
1020 1124 1023 1132 ’

176 1197 227 1257 His
253 1197 358 1256 litteris
385 1199 512 1270 recitatis
532 1197 615 1258 luere
637 1199 687 1276 qui
707 1199 869 1259 exercitum
890 1199 920 1258 iu
941 1199 1069 1261 Africam
1078 1200 1118 1264 25

93 1279 270 1340 mittendum·
293 1286 448 1340 censerent
476 1287 505 1340 et
533 1282 767 1357 quamprimum
787 1280 946 1342 edredus
964 1282 1068 1344 subve-

93 1362 250 1431 uieudutn,
273 1361 311 1421 de
332 1360 472 1438 lugurtha
493 1363 609 1423 interim
631 1363 677 1422 utl·
693 1362 912 1432 consuleretur,
933 1368 1069 1442 queniam

92 1446 194 1522 legetis
214 1454 274 1504 ders
294 1446 448 1523 paruisset.
471 1444 522 1505 Set
539 1444 577 1504 alr
599 1443 708 1505 eisdem
729 1443 785 1505 illis
805 1447 885 1520 regis
907 1447 1095 1509 lauterihuse

58 1547 79 1586 re
92 1536 211 1589 summe
227 1536 282 1604 o'pe
304 1530 430 1595 ettisuu
452 1545 490 1589 ue
511 1527 568 1589 tale
586 1528 736 1588 decretum
756 1529 848 1589 lieret.
893 1529 939 1587 lta·
956 1528 1092 1591 lcuurue

92 1610 250 1688 pellicunt,
268 1617 301 1670 ut
321 1613 353 1672 irr·
371 1609 519 1690 plerisque
539 1612 663 1688 negotiis
683 1610 765 1680 solet,
785 1612 895 1688 privetu
909 1614 1002 1690 gretie
1018 1614 1068 1673 de-

91 1695 208 1754 viet'uur.
234 1692 382 1772 legeretur
399 1700 497 1755 teumu
516 1695 546 1754 in
559 1695 685 1755 Atticam
698 1695 824 1755 maiores
844 1701 914 1755 ustu
944 1695 1093 1762 nobilest

92 1775 196 1852 amplis
214 1775 379 1836 heredites
396 1778 456 1844 usi,
485 1778 601 1855 inquis
629 1777 682 1838 luit
707 1775 744 1837 Μ.
774 1777 918 1848 Securus,
948 1778 986 1839 de
1012 1798 1069 1859 quo

92 1870 180 1935 supra
201 1860 440 1926 mensuravimus,
468 1858 628 1920 consularis
649 1867 679 1919 et
703 1867 766 1920 tum
784 1867 905 1921 scuettrs
922 1864 1068 1939 princeps.

57 1965 82 2005 20
92 1941 136 2010 Ei,
159 1941 236 2018 dudd
249 1952 298 2002 res
312 1942 342 2001 in
363 1941 467 2001 inuidia
482 1947 554 2012 eret,
563 1940 649 2002 simul
667 1947 696 2002 et
713 1942 752 2002 elr
765 1942 898 2004 Numidis
912 1943 1092 2014 obsecretie

92 2023 188 2084 triduo
209 2026 304 2084 nerim
328 2023 495 2086 escendere.
513 2025 585 2086 lleiu
599 2023 681 2085 brevi
700 2025 812 2086 Uticam
828 2024 942 2104 adpulsi
958 2025 1069 2088 litteras

91 2108 128 2168 ed
151 2106 323 2185 lugurtllem
344 2108 470 2176 mittunt,
493 2125 580 2185 quam
601 2109 746 2169 ocissume
766 2108 803 2169 ed
819 2111 997 2186 prerlue'reru
1017 2110 1068 2170 ed·

92 2190 184 2259 cedet,
204 2202 295 2268 seque
309 2191 346 2252 ed
361 2204 428 2251 euru
444 2189 480 2250 ab
496 2197 598 2252 senatu
612 2192 725 2252 misses.
757 2191 808 2253 llle
822 2190 874 2252 ubi
887 2194 1001 2269 aceepit
1014 2193 1093 2257 lio-e

90 2275 185 2334 mitres
195 2271 299 2342 clerus,
314 2287 440 2352 querum
451 2275 653 2334 auctoritatem
662 2273 772 2335 Remee
785 2274 896 2353 pellere
909 2276 1066 2345 audiverat,

54 2377 78 2418 u
90 2362 196 2416 contre
202 2357 351 2432 inceptum
363 2370 448 2415 suum
459 2356 582 2424 venisse,
596 2357 691 2433 prime
707 2363 870 2424 cremetur,
886 2365 966 2417 metu
981 2365 1068 2436 atque

89 2438 222 2499 lubidine
235 2438 367 2499 divorsts
382 2437 559 2515 agitabatur:
583 2437 704 2498 liniebat
719 2440 793 2499 irem
812 2445 944 2508 seustus,
966 2443 997 2500 ui
1017 2458 1095 2518 pec-7

88 2523 195 2583 ruisset
214 2521 330 2598 legetis:
352 2534 442 2600 perro
458 2522 571 2582 euiruus
591 2520 728 2600 cupidlue
743 2538 847 2583 eecurs
861 2522 898 2583 ed
920 2523 1068 2602 inceptum

88 2604 183 2666 seclus
205 2605 383 2683 replebatur.
427 2603 501 2665 Vicit
522 2611 619 2667 tumeu
640 2606 669 2665 iu
699 2605 782 2665 erldo
808 2607 924 2684 iugenio
946 2623 1093 2687 preroms

89 2689 251 2751 consillum.
302 2688 393 2768 lgitur
420 2690 551 2751 exer-citu
578 2689 759 2750 circumdate
776 2704 889 2750 murum
909 2691 936 2749 vi
957 2688 1092 2760 Cirtamc

52 2775 257 2851 dirrumpere
277 2773 391 2841 nititur,
412 2788 546 2833 merume
563 2786 685 2848 sperans
703 2771 819 2833 diducta
834 2788 923 2832 ruenu
937 2773 1066 2834 hostium

87 2862 137 2916 eut
159 2856 187 2916 vi·
206 2861 256 2916 aut
282 2853 355 2915 dclis
378 2870 441 2916 sese
463 2870 563 2916 eesrrru
583 2855 721 2916 vicesies
741 2855 937 2917 inventurum.
981 2854 1109 2926 Qrcdlo

86 2940 138 3000 ulti
152 2952 237 3000 secus
250 2938 392 3016 precedit,
407 2954 505 3018 neque
522 2938 600 3017 quod
613 2938 777 3000 irrteuderet
792 2939 909 3000 effluere
923 2946 1020 3018 petest
1034 2947 1067 3001 ut

86 3025 169 3097 prius
183 3034 273 3100 quuur
285 3020 396 3098 legates
414 3021 582 3082 conveniret
593 3020 766 3082 lldherltelis
782 3024 935 3098 potiretur,
951 3041 988 3082 ue
1004 3041 1066 3083 eru·

87 3105 163 3183 plius
188 3103 330 3163 merendo
358 3100 516 3172 Scaurum,
538 3120 623 3182 quem
646 3102 817 3181 plurumum
837 3105 998 3174 metuebat,
1022 3108 1066 3165 in-

53 3189 234 3255 escenderet,
259 3204 325 3246 curu
348 3187 450 3265 paucis
470 3186 616 3264 eqrritibus
636 3189 667 3247 iu
690 3189 868 3264 preriucieur
889 3191 975 3248 veuit.
1023 3190 1065 3249 dc
1078 3198 1106 3248 tt

86 3272 200 3333 tametsi
215 3270 307 3330 serrati
328 3268 425 3329 verbis
442 3284 546 3345 graves
566 3271 661 3330 miuee
681 3270 904 3340 uuutieleutur,
933 3270 1011 3348 quod
1028 3270 1065 3330 eb

87 3354 304 3433 obpugnatione
333 3364 392 3413 nou
416 3353 580 3421 desisteret,
610 3354 700 3416 multe
722 3360 818 3415 lemen
841 3353 973 3413 eracleus
995 3369 1065 3413 eou-

86 3445 200 3518 sumpte
221 3437 308 3512 legati
329 3437 438 3498 frustra
459 3436 626 3496 discessere.
