2392 3848
260 198 303 238 on
324 197 427 240 senno
450 196 649 241 reor-eramo
674 197 701 240 e.
723 189 765 244 66.
786 189 830 244 67.
855 189 899 245 66.
1032 181 1074 241 79

95 344 149 420 let,
178 354 207 406 et
228 363 365 407 maxume
386 346 592 416 Numidarum,
620 347 736 424 ingenio
762 345 877 415 mobili,
903 346 1072 408 seditiosum

94 436 183 507 atque
202 429 414 490 discordiosum
434 437 506 500 erat,
527 430 664 508 cupidum
684 447 826 490 novarum
846 447 960 498 reram,
984 431 1073 510 quieti

96 520 124 573 et
146 513 204 572 otio
226 512 391 574 advorsum.
429 513 502 574 Dein
517 515 673 591 conpositis
690 515 766 575 inter
783 531 815 574 se
835 513 926 574 rebus
944 514 974 573 in
995 514 1072 574 diem

94 597 212 657 tortium
231 598 418 677 constituunt,
441 596 520 676 quod
542 598 566 657 is
580 597 671 658 festus
691 597 913 675 celebratusque
934 615 988 675 per
1010 615 1072 657 om·

72 696 162 740 anem
180 679 309 740 Africam
330 679 432 741 ludum
454 688 483 741 et
503 680 649 741 lasciviam
668 683 760 758 magis
784 700 871 760 quam
886 681 1072 741 formidinem

95 763 281 824 ostentabat..
311 764 361 824 Set
381 763 433 823 ubi
453 772 570 841 tempus
592 763 654 833 fuit,
677 766 862 825 centuriones
876 764 1098 842 tribunosquee

94 845 225 908 militaris
248 855 276 906 et
295 848 391 924 ipsum
413 846 594 925 praefectum
615 847 727 925 oppidi,
758 847 792 907 T.
814 847 977 925 Turpilium
999 848 1073 908 Sila·

94 948 174 1000 num,
198 929 271 990 alius
293 929 381 990 alium
403 931 505 991 domos
526 947 594 991 suas
615 931 744 1000 invitant,
766 948 815 992 eos
835 933 929 992 omnis
953 938 1072 1009 praeter

94 1013 258 1093 Turpilium
274 1015 351 1073 inter
373 1012 474 1092 epulas
495 1014 688 1075 obtruncantt
703 1022 805 1092 postea
819 1015 923 1076 milites
937 1015 1070 1092 palantis,

60 1116 84 1156 ao
94 1099 231 1167 inermos,
252 1098 360 1176 quippe
375 1099 405 1158 in
420 1097 469 1158 tali
486 1098 550 1168 die,
573 1115 607 1158 ac
624 1099 687 1158 sine
699 1098 836 1178 imperio,
850 1099 1069 1175 adgrediuntur.

94 1180 174 1241 Idem
200 1179 301 1259 plebes
329 1181 414 1250 facit,
441 1199 511 1259 pars
533 1181 628 1241 edocti
655 1180 691 1241 ab
712 1181 877 1251 nobilitate,
907 1181 955 1243 alii
976 1184 1097 1244 studies
1151 1190 1153 1195 '

94 1264 194 1324 talium
214 1282 315 1324 rerum
335 1265 459 1333 incitati,
483 1265 547 1343 quis
562 1271 625 1324 aeta
641 1265 851 1344 consiliumque
868 1267 1072 1344 ignorantibus

95 1345 235 1407 tumultus
253 1349 315 1424 ipse
338 1353 366 1409 et
387 1365 436 1408 res
458 1364 550 1407 novae
570 1348 639 1406 satis
657 1347 821 1426 placebant.
852 1347 976 1410 Romani
996 1349 1119 1410 mili-67

95 1439 152 1500 tes,
179 1431 325 1509 inproviso
339 1436 417 1493 metu
438 1431 542 1491 incerti
560 1431 712 1508 ignarique
734 1432 803 1510 quid
821 1433 1013 1509 potissumum
1029 1432 1043 1490 f
1058 1465 1071 1478 -

59 1522 216 1593 arcerent,
233 1515 415 1593 trepidare:¹¹
434 1514 471 1575 ad
507 1531 606 1574 arcem
628 1515 741 1592 oppidi,
766 1514 817 1575 ubi
839 1516 921 1590 signa
940 1522 970 1576 et
989 1523 1071 1575 scuta

93 1611 192 1672 erant,
229 1601 411 1680 praesidium
443 1602 590 1673 hostium,
627 1611 731 1681 portae
765 1611 833 1664 ante
866 1601 983 1663 clausae
1002 1601 1070 1677 fuga

92 1686 303 1766 prohibebant:
333 1684 449 1745 adhoc
476 1685 616 1747 mulieres
637 1687 784 1767 puerique
812 1705 867 1766 pro
896 1684 1070 1747 tectisaedi·

92 1775 226 1834 liciorum
241 1791 310 1833 saxa
325 1780 354 1834 et
373 1773 436 1841 alia,
455 1787 529 1851 quae
551 1772 634 1832 locus
655 1772 829 1850 praebebat,
853 1774 984 1834 certatim
1004 1773 1070 1832 mit·

92 1865 164 1917 tere.
207 1854 250 1915 lta
272 1874 367 1935 neque
389 1857 486 1917 caveri
499 1873 607 1932 anceps
622 1855 739 1926 malum,
754 1874 850 1935 neque
865 1874 880 1915 a
896 1857 1096 1917 fortissumisu
1116 1908 1127 1917 ..
1139 1914 1168 1933 q,

59 1959 83 1999 ro
93 1940 300 2000 infirmissumo
315 1942 417 2017 generi
430 1940 526 2000 resisti
540 1955 641 2015 posse:
657 1940 736 1999 iuxta
750 1938 821 1998 boni
834 1938 975 2016 malique,
996 1946 1069 1998 stre·

93 2024 143 2083 nui
159 2029 188 2084 et
202 2021 325 2084 inbelles
339 2022 423 2084 inulti
436 2023 615 2083 obtruncari.
646 2021 679 2081 ln
695 2041 728 2082 ea
743 2028 822 2081 tanta
838 2023 992 2100 asperitate
1007 2035 1096 2086 sae-3

93 2108 227 2168 vissumis
243 2106 375 2168 Numidis
389 2114 418 2168 et
434 2107 541 2185 oppido
556 2105 685 2184 undique
700 2105 798 2167 clauso
815 2103 963 2183 Turpilius
984 2122 1069 2182 prae·

94 2191 187 2251 fectus
204 2207 282 2251 unus
303 2209 339 2251 ex
357 2190 493 2250 omnibus
511 2190 616 2250 italicis
638 2191 763 2250 intactus
784 2189 922 2266 profugit.
966 2188 998 2248 ld
1016 2190 1070 2248 mi·

94 2272 292 2334 sericordiane
301 2273 424 2351 hospitis
435 2291 472 2335 an
481 2274 680 2355 pactioneaut
692 2290 761 2333 casu
772 2273 811 2332 ita
823 2273 951 2334 evenerit
965 2289 1070 2348 parum

59 2377 83 2414 re
96 2357 296 2434 conperimus,
313 2356 383 2425 nisi,
397 2358 463 2435 quia
478 2356 519 2415 illi
535 2359 564 2414 in
579 2362 660 2414 tanto
677 2354 754 2414 malo
774 2357 867 2431 turpis
887 2355 943 2413 vita
957 2355 1069 2430 integra

94 2440 170 2499 fama
185 2440 281 2516 potior
302 2438 364 2507 fuit,
381 2438 524 2516 inprobus
543 2436 772 2515 intestabilisque
792 2437 915 2498 ridetur.
1137 2427 1150 2446 ‘

175 2525 322 2596 Metellus,
345 2531 501 2603 postquam
529 2524 676 2587 derebus
698 2523 796 2602 Vagae
832 2528 904 2587 actis
928 2527 1071 2604 conperit,
1083 2531 1122 2594 68

91 2608 239 2688 paulisper
261 2616 390 2687 maestus
413 2627 448 2670 ex
470 2616 629 2687 conspectu
651 2608 726 2671 abit:
753 2609 873 2680 deinde,
896 2609 947 2671 ubi
974 2612 1019 2669 ira
1042 2618 1071 2670 ct

91 2694 246 2772 aegritudo
261 2694 405 2772 permixta
420 2700 500 2762 sunt,
526 2711 592 2753 cum
608 2711 744 2754 maxuma
760 2711 831 2755 cura
846 2692 939 2754 ultum
962 2693 1006 2752 iro
1026 2695 1071 2752 in·

58 2793 84 2834 ao
94 2779 184 2837 iurias
199 2777 324 2838 festinat
351 2778 520 2855 Legionem,
537 2795 604 2837 cum
621 2795 678 2856 qua
692 2776 848 2846 hiemabat,
866 2783 895 2837 et
906 2794 994 2856 quam
1007 2774 1101 2854 plu-2

93 2879 195 2922 rumos
223 2866 320 2940 potest
341 2860 482 2922 Numidas
504 2862 617 2938 equitas
648 2862 759 2940 pariter
781 2879 848 2921 cum
871 2877 977 2921 occasu
1004 2859 1073 2934 solis

94 2945 243 3024 expeditos
259 2947 356 3007 educit
371 2950 401 3007 et
415 2953 532 3023 postera
549 2945 596 3007 die
611 2946 728 3006 circiter
749 2946 853 3006 horam
869 2945 983 3005 tertiam
1005 2961 1073 3021 per-

92 3030 170 3088 venit
191 3029 221 3088 in
242 3030 389 3105 quandam
410 3028 577 3105 planitiem,
599 3030 672 3089 locis
693 3028 780 3106 paulo
801 3027 1002 3105 superioribus
1018 3029 1071 3085 cir-

93 3116 285 3171 cumventam.
328 3111 372 3171 lbi
386 3111 493 3173 milites
515 3112 608 3172 fessos
622 3112 734 3172 itineris
748 3111 946 3188 magnitudine
968 3116 996 3170 et
1018 3110 1103 3170 iamt

59 3210 86 3250 eo
95 3193 249 3256 abnuentis
264 3196 361 3254 omnia
377 3194 476 3265 docet,
492 3195 632 3273 oppidum
651 3197 759 3272 Vagam
780 3212 840 3255 non
855 3193 980 3270 amplius
995 3191 1074 3252 millo

94 3295 233 3357 passuum
247 3276 364 3340 abesse:
381 3278 488 3340 decere
502 3277 569 3340 illos
584 3277 706 3340 relicum
720 3275 853 3339 laborem
869 3295 964 3356 aequo
975 3277 1072 3336 animo

93 3363 168 3441 pati,
184 3361 253 3423 dum
268 3379 324 3439 pro
339 3361 451 3423 civibus
466 3365 540 3432 suis,
556 3363 626 3422 viris
641 3361 815 3422 fortissumis
830 3367 916 3438 atque
931 3360 1072 3420 miserru-

95 3445 165 3516 mis,
180 3462 290 3526 pocnas
306 3455 458 3526 caperent:
481 3453 634 3526 praeterea
649 3445 789 3525 praedam
803 3445 932 3519 benigne
946 3451 1088 3501 ostentm.
