2392 3848
136 98 171 156 14
216 116 258 155 ne
280 114 453 157 commuta
476 114 715 158 courrrrrroun
740 115 767 156 c.
789 107 831 160 26.
853 107 896 161 ot.
920 107 962 160 28.
979 109 1021 160 ⁶29.

130 264 287 323 Antonium
311 265 445 341 pactione
467 266 631 340 provinciae
653 263 835 342 perpulerat,
865 283 902 325 ne
924 272 1024 324 contra
1043 281 1106 323 rem

131 345 277 424 publicam
301 349 436 407 sentiret:
466 349 578 408 circum
607 365 638 407 se
666 348 810 424 praesidia
837 349 998 407 amicorum
1020 354 1106 423 atque

105 429 279 493 polientium
290 427 403 489 occulte
418 427 553 489 babebat.
577 431 734 508 Postquam
747 432 808 491 dies
823 431 1007 490 comitiorum
1018 431 1104 496 venit,

130 520 159 572 et
180 511 318 572 Catilinae
336 528 432 588 nequo
447 514 546 590 petitio
562 531 657 592 neque
675 515 806 589 insidiae,
817 531 890 590 quas
909 510 1105 593 [consulibus]

129 597 159 655 in
175 612 277 672 campo
293 595 559 675 lecerat‚prospere
574 614 704 665 cessere,
721 598 868 657 constituit
883 596 992 656 bellum
1008 597 1127 656 iaceres

129 685 158 738 et
173 685 304 740 extrema
318 679 414 739 omnia
437 681 580 757 experiri,
603 683 740 758 quoniam
757 698 832 759 quae
850 679 963 741 occulte
983 685 1105 758 tempta-

128 770 211 822 verat
225 779 329 840 aspera
343 763 486 842 foedaque
501 773 667 825 evenerant.

77 843 118 904 27
212 846 304 920 Igitur
316 847 349 904 G.
363 845 500 905 blanlium
514 846 650 906 Faesulas
667 855 754 924 atque
771 849 800 906 in
816 865 880 906 cam
895 854 1007 923 partem
1019 845 1106 905 Etru·

127 930 203 995 riae,
227 926 399 1004 Septimium
417 927 563 1004 quendam
583 927 746 988 Camertem
773 930 802 988 in
830 944 934 1004 agrum
955 928 1104 995 Picenum,

129 1010 163 1069 C.
179 1009 283 1069 lulium
304 1010 333 1068 in
347 1008 481 1087 Apuliam
501 1009 621 1078 dimisit,
639 1019 794 1087 praeterea
815 1010 904 1070 alium
926 1009 997 1079 alio,
1016 1027 1137 1088 quem1o

96 1115 112 1162 2
124 1096 234 1172 ubique
246 1103 445 1175 opportunum
456 1095 511 1156 sibi
522 1096 585 1156 lore
597 1094 745 1158 credebat.
768 1097 883 1157 interea
893 1095 1002 1156 Rornae
1014 1092 1105 1152 multa

127 1178 213 1240 simul
225 1181 334 1239 moliri:
352 1177 553 1260 [consulibus]
566 1178 686 1240 insidias
697 1180 829 1251 tendere,
844 1196 949 1259 parare
960 1176 1104 1245 incendia,

128 1271 292 1342 opportuna
313 1263 378 1325 loca
399 1266 519 1326 armatis
533 1262 700 1324 bominibus
715 1263 865 1324 obsidere:
887 1266 950 1340 ipse
966 1280 1032 1322 cum
1046 1260 1105 1337 telo

129 1365 200 1412 esse.
218 1348 288 1407 item
303 1347 375 1409 alios
389 1347 502 1418 iubere,
518 1348 632 1408 hortari
646 1349 690 1408 uti
703 1365 820 1424 semper
836 1348 942 1406 intenti
956 1347 1108 1422 paratique

125 1440 237 1490 essent:
261 1432 322 1491 dies
344 1433 496 1509 noctisque
518 1432 655 1492 festinare
676 1429 809 1508 vigilare,
833 1447 929 1508 neque
951 1429 1102 1489 insomniis
1111 1444 1137 1508 4ιε

74 1520 222 1593 ,tneque
242 1513 344 1574 labore
366 1513 488 1591 fatigari.
532 1515 684 1574 Postremo
704 1512 755 1574 ubi
782 1511 872 1572 multa
895 1513 1014 1590 agitanti
1031 1509 1103 1570 nihil

124 1598 270 1674 procedit,
299 1613 403 1655 rursus
424 1599 597 1675 intempesta
618 1604 704 1658 nocte
726 1597 934 1657 coniurationis
956 1595 1104 1674 principes

97 1687 265 1738 tconrocat
276 1695 366 1757 penes
380 1678 417 1738 Μ.
430 1680 567 1740 Porcium
577 1681 710 1750 Laecam,
726 1680 824 1759 ibique
836 1680 926 1740 multa
940 1681 976 1740 de
990 1679 1104 1756 ignaria

125 1779 227 1822 eorum
245 1767 364 1842 questus
381 1763 467 1824 docet
482 1780 514 1825 se
531 1762 669 1825 Manlium
687 1765 871 1842 praemisisse
892 1764 928 1824 ad
949 1781 1014 1824 eam
1027 1760 1102 1822 mul-

123 1846 285 1915 titudinem,
310 1863 396 1925 quam
411 1846 447 1907 ad
465 1848 608 1927 capiunda
622 1865 703 1907 arma
718 1856 880 1924 paraverat,
899 1849 969 1908 item
983 1845 1055 1905 alios
1070 1847 1099 1904 in
1109 1861 1136 1901 ro

124 1928 179 1988 alia
199 1929 263 1990 loca
278 1939 453 2008 opportuna,
472 1933 522 2010 qui
544 1931 656 1991 initium
679 1929 749 1990 belli
775 1931 920 1998 iacerent,
951 1946 1041 2007 seque
1066 1928 1102 1986 ad

101 2012 106 2021 '
124 2013 286 2072 exercitum
301 2012 445 2087 proticisci
467 2031 590 2090 cupere,
612 2014 637 2072 si
651 2013 733 2089 prius
754 2011 925 2072 Ciceronem
941 2010 1102 2089 obpressis·

72 2090 112 2153 28
124 2100 181 2153 set:
206 2110 272 2153 eum
294 2094 353 2152 suis
369 2095 495 2154 consiliis
517 2096 641 2155 multum
663 2092 800 2155 obiicere.
829 2094 920 2171 Igitur
941 2094 1103 2173 perterritis

125 2194 159 2236 ac
179 2175 378 2236 dubitantibus
400 2179 504 2238 ceteris
526 2178 559 2238 G.
583 2176 733 2239 Cornelius
753 2195 842 2256 eques
861 2178 1010 2239 Romanus
1033 2195 1102 2254 ope·

124 2278 189 2321 ram
217 2277 301 2320 suam
329 2259 474 2338 pollicitus
502 2270 531 2323 et
557 2280 624 2323 cum
651 2279 685 2323 eo
708 2261 740 2321 L.
764 2260 958 2339 Vargrmteius
985 2267 1101 2322 senator
1111 2279 1135 2317 et

126 2346 303 2406 constituere
328 2363 362 2406 ea
389 2353 476 2408 nocte
501 2346 588 2426 paulo
616 2353 682 2426 post
709 2364 776 2406 cunr
799 2348 917 2408 armatis
935 2344 1103 2406 bominibus

126 2426 241 2461 *****
264 2428 349 2488 sicuti
369 2429 525 2491 salutatum
546 2432 668 2491 introire
689 2430 724 2489 ad
749 2429 921 2491 Ciceronem
943 2447 978 2490 ac
1000 2430 1036 2489 de
1058 2431 1102 2487 in-

96 2510 240 2589 2proriso
264 2509 363 2570 domui
381 2528 452 2572 suae
473 2515 638 2588 inparatum
658 2511 826 2572 confodere.
869 2511 973 2571 Curius
992 2510 1045 2570 ubi
1059 2511 1102 2568 in·

123 2593 247 2669 tellegit,
272 2600 413 2671 quantum
433 2594 555 2673 periculi
577 2592 689 2654 consuli
706 2593 878 2670 inpendeat,
900 2610 1028 2672 propere
1049 2610 1103 2670 per

96 2676 254 2737 enutriam
276 2675 410 2739 Ciceroni
430 2677 543 2748 dolum,
572 2679 622 2755 qui
643 2675 818 2755 parabatur,
841 2678 979 2738 enuntiat.
1001 2677 1044 2738 lta
1063 2675 1137 2736 illiso

124 2762 209 2819 ianua
224 2758 364 2836 prohibiti
382 2768 495 2821 tantum
514 2761 625 2820 lacinus
640 2762 749 2820 trustra
767 2767 965 2838 susceperant.

96 2851 113 2896 4
208 2842 323 2902 Interea
338 2843 460 2904 Manlius
474 2845 504 2903 in
520 2844 636 2904 Etruria
651 2843 768 2923 plebem
784 2844 954 2913 sollicitare,
975 2851 1104 2921 egestate

124 2925 210 2987 simul
232 2942 267 2985 ac
289 2925 391 2986 dolore
412 2928 534 2988 iniuriae
556 2944 699 2988 novarum
720 2945 823 2988 rernm
844 2929 995 3006 cupidam,
1025 2927 1104 3008 quod

124 3009 221 3072 Sullae
245 3008 442 3072 dominatione
456 3028 544 3088 agros
566 3011 701 3090 bonaque
724 3012 821 3071 omnia
842 3013 994 3081 amiserat,
1018 3029 1103 3088 prae·

123 3102 204 3156 terea
233 3093 362 3154 latrones
389 3096 530 3174 cuiusque
553 3097 685 3172 generis,
714 3113 839 3173 quorum
865 3097 894 3156 iu
922 3113 956 3156 ea
982 3096 1136 3170 regionem

124 3194 228 3255 magna
253 3178 336 3256 copia
355 3185 432 3247 erat,
455 3177 613 3239 nonnullos
634 3196 671 3239 ex
689 3177 815 3239 Sullanis
837 3180 972 3246 colonita,
996 3175 1103 3256 quibus

123 3259 223 3322 lubido
239 3271 325 3340 atque
341 3259 456 3323 luxuria
471 3279 506 3322 ex
521 3263 635 3338 magnis
652 3262 763 3340 rapinis
780 3261 852 3322 nibil
866 3260 968 3321 relicui
982 3261 1101 3321 fecerat.

71 3344 113 3406 29
209 3344 249 3405 Ea
273 3363 339 3405 cum
362 3345 496 3406 Ciceroni
518 3345 738 3411 nuntiarentur,
761 3345 877 3422 ancipiti
891 3341 968 3403 malo
985 3361 1104 3424 permo·
