2392 3848
72 195 119 237 111
453 224 456 231 .
472 189 656 232 assensum.

73 308 153 358 nihilo
171 307 302 357 adnotato.
337 302 404 353 Num
421 305 499 370 igitur
515 304 543 352 iu
562 304 680 353 omnibus
701 304 831 354 codicibus
849 306 941 355 abesse
957 305 1059 355 credam

74 387 156 440 angor
173 383 198 423 et
214 371 354 422 excrucior.
375 395 409 408 -
430 371 472 431 89,
483 372 506 422 ὅ.
521 378 630 435 praeter
651 373 747 436 oppido
766 368 925 439 propinquo]
951 380 1060 436 praeter

75 442 173 507 oppida
186 441 333 505 propinqua
349 436 370 488 1.
399 436 466 487 Num
486 438 528 500 id,
551 437 625 554 guod
647 453 680 487 ex
700 439 791 504 paucis
814 441 902 502 eisquc
924 439 1059 490 deterioris

73 518 150 559 notae
165 507 236 557 libris
254 505 374 565 innotuit,
393 506 469 555 etiam
486 505 513 554 in
530 503 549 552 P
587 505 711 570 scriptum
728 506 763 556 sit
778 506 894 556 dubitare
911 520 952 555 me
968 505 1060 558 fateor.

40 583 42 587 ’
73 599 107 611 -
124 575 220 625 Ibidem
235 572 313 622 verbe
329 579 422 622 namra
432 573 586 637 serpentum
601 573 661 637 ipso
669 574 818 637 perniciosa
830 573 899 622 omni
910 573 1062 638 suspicione

74 655 159 691 carere
175 650 204 690 ut
220 639 366 698 iudicarem,
385 640 500 689 noudum
515 639 609 689 adduci
640 640 703 691 otui.
715 665 748 676 —
766 640 807 700 89,
821 641 845 690 7.
862 655 913 706 quo
924 665 957 677 -
969 641 1062 705 aqeia·

73 715 116 759 tur
133 724 166 758 ex
183 707 287 757 Linlreri
304 721 342 756 om
570 654 638 759 atij
658 731 694 744 -
715 707 749 757 ib.
771 709 823 758 iliis
840 707 896 757 sine
912 708 985 756 uncis
1003 721 1025 758 c.
1041 707 1062 758 Ι.

73 800 107 812 ·-
124 777 167 840 91,
181 776 204 825 7.
224 769 326 841 [ante]]
345 703 553 824 {masfa
554 704 569 756 b
578 771 641 823 Mihi
663 773 813 838 glossatoris
836 788 940 823 manum
962 774 1063 823 videtur

74 841 150 892 olere.
169 866 201 878 -
218 842 285 901 991
304 848 329 889 et
345 843 362 890 3
379 841 450 903 quod
466 839 570 890 lacunas
589 840 620 889 eb
634 839 655 894 1.
673 841 756 906 signis
774 841 884 891 indicata
902 840 1003 906 explevi
1019 855 1061 889 me

73 922 125 959 uon
142 908 263 974 paenitet.
280 933 314 942 -
331 908 374 966 93,
387 908 412 958 b.
431 909 510 958 omnis
526 923 543 957 a
560 905 664 971 natura]
682 910 761 958 manis
777 914 870 958 natm
886 907 916 968 7.,
934 916 974 957 set
990 921 1062 957 ccm-

72 983 213 1026 memorata
230 987 287 1022 msa
303 973 455 1023 coniectura.
473 998 505 1008 -
523 975 565 1036 99,
578 974 602 1023 7.
617 975 690 1032 satie,
707 973 807 1107 masna]
825 975 889 1024 satis
900 980 926 1023 et
937 990 1029 1040 maqna
1039 975 1060 1024 l.

73 1064 107 1078 -
124 1041 159 1092 ib.
178 1039 338 1105 turribusque
374 1045 401 1090 et
416 1041 474 1090 alib
494 1034 730 1156 machinationibus}
772 1040 932 1106 turribusque
955 1049 980 1092 et
1002 1043 1063 1092 aitis

72 1105 297 1159 machinationibus
312 1105 332 1158 1.
412 1106 468 1156 loco
486 1107 657 1186 apertissume
673 1114 714 1156 tur
731 1116 773 1156 eto
796 1122 878 1170 neque
898 1117 926 1156 ut
943 1115 969 1157 et
991 1107 1063 1171 quod

73 1177 100 1224 in
117 1174 247 1224 codicibus
264 1172 329 1222 falso
349 1173 438 1223 ordine
454 1183 568 1239 posrtum
580 1183 628 1239 est,
646 1175 793 1239 reciperem,
813 1189 895 1237 neque
911 1183 940 1224 ut
957 1180 983 1224 et
999 1177 1062 1224 aitis

72 1241 114 1291 vel
131 1244 188 1293 aitis
210 1239 433 1292 machinationibus
459 1254 511 1290 nou
532 1250 652 1306 suspecta
673 1240 793 1291 haberem
814 1242 958 1306 permoveri
977 1244 1060 1306 potui.

73 1308 173 1358 Etenim
190 1315 290 1372 praeter
307 1308 384 1357 turris
403 1316 428 1358 et
444 1322 552 1373 aggeres
571 1322 636 1370 quae
647 1317 708 1358 sunt
719 1308 784 1358 altae
795 1308 1014 1357 machinationes?
1037 1317 1063 1357 et

74 1375 132 1425 aliis
149 1374 276 1424 machinis
298 1383 326 1424 ut
346 1375 442 1435 vineis,
466 1375 582 1437 quumvis
605 1389 662 1423 cum
684 1375 797 1439 periculo
815 1383 965 1440 agerentur,
987 1374 1061 1424 locus

72 1450 158 1493 temen
175 1455 227 1490 nou
263 1455 351 1491 rursus
363 1441 412 1491 luit
427 1443 592 1507 inportunus.
603 1467 637 1478 -·
654 1443 696 1500 93,
708 1442 733 1489 2.
752 1438 877 1504 avorsum]
895 1444 1029 1492 advorsum
1040 1443 1061 1496 l.

73 1508 138 1559 Illud
152 1523 193 1558 res
210 1456 274 1557 mili
290 1508 422 1572 postulare
437 1511 503 1561 viso.
515 1533 547 1544 -
565 1510 637 1568 93,4.
654 1508 751 1572 infierca
768 1523 789 1557 c.
802 1504 834 1572 1.]
850 1509 931 1573 flexa.
948 1533 983 1545 -
999 1508 1061 1558 ibid.

72 1579 99 1626 in
110 1576 210 1626 castelli
222 1576 353 1640 planitiem
366 1578 486 1640 peruenit
502 1590 524 1624 o.
536 1574 568 1637 l.]
586 1575 685 1625 castelli
692 1577 822 1638 planitiem
829 1582 1017 1639 pmscrutatur.
1028 1601 1061 1611 -

73 1644 115 1702 93,
128 1644 152 1694 b.
170 1643 228 1692 usrei
243 1657 266 1690 c.
277 1639 308 1706 1.]
325 1657 381 1696 usu.
411 1638 457 1691 Set
471 1649 564 1706 postea
581 1643 739 1704 escenderat,
758 1651 786 1692 ut
802 1641 900 1691 adrem
912 1641 1061 1707 significan-

73 1710 133 1768 tius,
150 1723 198 1773 pro
211 1709 383 1758 adscenderat
388 1709 490 1758 retinui.
502 1734 535 1745 -
552 1710 594 1768 93,
604 1710 629 1759 8.
642 1707 767 1767 Quoniam
779 1723 845 1771 quae
856 1717 930 1759 antea
942 1708 1062 1758 addunda

73 1789 222 1825 censueram
239 1776 329 1825 milites
343 1789 441 1839 pmueos
458 1781 485 1826 et
496 1790 563 1824 nuno
574 1775 677 1838 quidem
688 1776 774 1825 minus
785 1776 928 1841 placebant,
946 1790 993 1825 nec
1001 1789 1062 1825 vero

73 1856 125 1904 quo
143 1842 266 1891 londanus
283 1841 368 1890 locum
385 1841 512 1893 facillume
529 1843 615 1893 sanari
636 1842 772 1893 arbitratus
791 1853 837 1904 est,
864 1857 916 1893 nne
935 1842 1062 1908 particula

73 1916 100 1959 et
115 1909 276 1974 interposita,
294 1909 356 1958 satis
374 1907 492 1970 faciebat,
510 1909 615 1960 lacunae
631 1911 707 1974 signa
725 1911 877 1976 adpinxisse
893 1912 956 1960 satis
973 1909 1061 1959 habui.

73 1972 253 2040 Suspiciones,
279 1990 344 2038 quas
366 1976 399 2025 de
420 1979 445 2027 ei
465 1991 645 2043 conceperam,
669 1978 752 2026 omisi.
773 2003 806 2013 -
830 1978 911 2038 94,1.
933 1977 1064 2026 escensuri

73 2050 148 2094 eram
164 2057 197 2092 ex
215 2040 343 2092 temonis
361 2042 470 2106 emend]
492 2059 507 2093 e
524 2044 645 2094 centuriis
665 2051 740 2093 eram
757 2043 776 2092 Ι.
799 2057 857 2092 cum
878 2042 964 2103 libris,
991 2043 1062 2105 quod

73 2109 165 2170 quibus
190 2110 346 2174 argumentis
368 2110 395 2158 in
413 2108 610 2159 Hermaevol.1
632 2108 767 2160 defendere
789 2119 895 2160 conatus
920 2117 971 2171 est,
998 2109 1062 2158 mihi

72 2188 125 2224 non
142 2175 280 2239 persuasit.
300 2200 329 2212 -
348 2176 390 2234 94,
404 2178 428 2226 3.
451 2182 529 2226 erema
545 2179 632 2227 cineas
653 2192 771 2242 egressrus
787 2192 809 2226 c.
822 2172 854 2243 7.]
880 2182 958 2226 erctra
974 2177 1063 2226 uineas

73 2249 113 2292 est
129 2257 253 2306 eqreamu.
270 2266 304 2278 —
327 2243 369 2304 95,
382 2245 406 2292 3.
424 2245 473 2292 tam
486 2258 572 2307 prope
589 2257 613 2296 c.
624 2237 659 2308 1.]
680 2259 767 2308 prope
783 2245 840 2294 iam
858 2268 892 2279 -
911 2243 1018 2292 Graecis
1036 2249 1063 2292 et

72 2308 175 2359 Latinis
192 2323 213 2357 c.
226 2303 258 2374 L]
279 2308 385 2358 [irmcis
401 2316 477 2374 atque
494 2310 605 2364 Latinis.
624 2333 657 2345 —-
674 2311 820 2361 mctmmmi
836 2324 868 2360 ex
886 2309 990 2374 egregia
1007 2310 1061 2358 Ior-

72 2375 133 2425 dani
150 2371 306 2442 coniectura]
330 2377 489 2427 demutans.
522 2377 557 2427 At
577 2384 669 2441 postca
694 2378 728 2427 ad
748 2377 889 2428 nudanda
913 2376 1061 2426 addendum

70 2457 131 2492 esse
147 2457 179 2493 ac
196 2443 377 2494 disdmulanda
388 2443 451 2492 mibi
463 2442 601 2493 etiamnum
612 2443 701 2508 videri,
714 2445 831 2508 quamvis
843 2443 952 2494 fortasse
962 2443 990 2492 in
1001 2458 1061 2508 per-

71 2509 180 2558 tinaciae
197 2511 291 2559 crimen
309 2511 445 2574 incurram,
464 2525 515 2560 non
527 2510 670 2562 dissimulo.
687 2537 721 2549 -
737 2514 780 2569 97,
794 2514 818 2562 1.
836 2513 903 2561 misit
918 2526 941 2560 c.
954 2505 986 2575 L]
1004 2513 1061 2560 mit·

72 2577 111 2628 tit.
130 2600 163 2610 -
180 2576 222 2633 97,
234 2576 259 2624 2.
277 2576 331 2624 eius
347 2591 370 2626 o.
382 2572 415 2640 l.]
441 2573 529 2640 [cius].
550 2602 583 2613 -
609 2580 651 2638 97,
664 2578 689 2626 b.
700 2581 805 2641 ¹equites
823 2578 974 2639 peditesque
991 2589 1013 2622 c.
1025 2576 1045 2623 l.

73 2642 169 2707 equites
183 2642 293 2705 pedites.
310 2666 344 2676 -
361 2639 395 2690 ib.
413 2643 521 2692 caedere
533 2643 586 2704 atii,
604 2643 650 2690 atii
665 2641 814 2692 obtruncari
830 2654 878 2706 ego
895 2654 952 2689 meo
965 2639 1045 2689 Marte

72 2710 164 2759 cedere
181 2708 245 2758 atius
261 2709 326 2758 alius
343 2707 524 2761 obtruncarel.
549 2707 611 2757 Mox
627 2709 697 2758 multi
709 2709 779 2771 quod
789 2720 838 2772 ego
850 2707 1060 2768 coniectaverem,

91 2775 191 2825 cubavit
205 2775 226 2828 1.
253 2774 338 2825 Verba
355 2782 381 2826 et
396 2775 427 2825 ob
445 2790 477 2825 ea
492 2777 602 2826 scientes
619 2789 693 2825 nemo
711 2777 747 2826 ita
763 2774 878 2825 defendit
888 2783 917 2824 ut
927 2773 991 2824 mihi
1003 2771 1060 2823 Sal-

72 2790 133 2892 lusti
150 2858 208 2893 esse
228 2842 401 2907 persuaderet.
419 2867 452 2880 -
474 2841 508 2893 ib.
531 2841 600 2893 orbis
618 2839 719 2908 secere]
744 2842 813 2893 orbis
831 2843 922 2905 facere
939 2841 960 2892 1.
994 2841 1059 2891 Illud

74 2909 172 2974 optumi
189 2908 255 2958 libri.
272 2935 305 2945 -
322 2910 364 2968 99,
378 2910 402 2961 1.
420 2925 452 2959 ac
468 2911 545 2973 paulo
562 2907 630 2973 c.I.]
647 2916 673 2960 et
687 2913 773 2973 paulo.
798 2933 831 2946 -·
858 2911 899 2969 99,
913 2911 938 2962 3.
955 2909 1059 2957 mnnita

72 2976 209 3039 formidine
227 2971 315 3042 quasi]
335 2978 437 3026 tumultu
452 2976 588 3039 formidine
602 2970 729 3042 [terrore]
742 2977 823 3042 quasi.
833 3002 865 3013 -
884 2976 971 3033 100‚4.
989 2977 1059 3040 equi·

75 3049 113 3094 tes
130 3058 166 3093 em
187 3038 351 3159 auxiliariis}
368 3045 466 3108 equites
488 3043 640 3093 comitatior
656 3043 677 3095 l.
710 3043 753 3094 Ad
773 3042 836 3092 illud
857 3042 920 3091 mihi
942 3041 1059 3092 codicum

73 3110 183 3173 vestigia
199 3110 291 3159 ducere
307 3111 333 3160 vi
352 3119 432 3161 entur.
467 3107 550 3160 Semel
567 3117 692 3176 conrupta
708 3111 885 3160 terminatione
901 3112 924 3160 is
941 3110 968 3158 in
986 3123 1015 3159 as
1032 3110 1060 3156 in
1083 3122 1085 3126 ’

74 3185 195 3293 ρτοιιέριιι
211 3176 260 3227 luit
276 3178 429 3294 mergitum
449 3191 553 3295 nugari.
588 3178 760 3296 vaflssfiffm
782 3177 906 3293 offertionis
928 3175 985 3253 hoc.
997 3188 1059 3290 confi

73 3259 193 3294 muare
217 3258 251 3293 no
295 3259 320 3293 m
352 3259 506 3296 ron-1.
580 3261 645 3294 mr
754 3257 892 3294 minnan
917 3255 1041 3292 merso

74 3260 183 3371 coetlioes,
201 3259 277 3374 quarll
295 3311 327 3361 ob
345 3312 494 3362 seutentiam
512 3261 691 3394 aqistmrtqsm-e-
708 3262 769 3392 ibid.
785 3311 876 3389 futura
886 3257 977 3387 μαι]
987 3308 1059 3386 subs·

74 3378 567 3497 fflufflalel'uialolialnfflffl
584 3374 1056 3501 {illeille&abillrfuff¹⁰¹1⁰6ns¹2⁰deffi
