2392 3848
295 232 337 278 os
356 229 458 272 nunno
477 228 680 272 rvavnrrnuo
705 229 731 270 4.
754 221 796 274 85.
818 221 861 274 86.
902 200 905 205 ’
1028 214 1066 272 91

88 378 130 438 414
147 384 176 437 et
191 378 317 454 ignavia,
339 394 493 456 pessumae
509 383 601 446 artae,
625 375 679 436 illis
718 378 766 454 qui
782 375 900 436 coluere
917 393 966 436 eas
998 375 1070 436 nihil

88 460 237 528 obiiciunt,
260 460 456 538 reipublicae
478 461 614 520 innoxiae
632 459 707 519 cladi
723 466 799 520 sunt.

172 543 257 604 Nune
275 545 412 622 quoniam
428 544 491 614 illis,
516 552 656 624 quantum
672 545 730 603 mei
746 560 854 613 mores,
875 561 935 602 non
952 543 1068 606 illorum
1078 560 1111 608 44

87 623 194 703 flagitia
206 626 375 704 poscebant,
387 628 534 706 respondi,
549 646 641 706 pauca
656 628 692 687 de
702 646 736 686 re
748 625 862 703 publica
877 625 990 704 loquar.
1006 627 1069 688 Pri·
1079 648 1124 696 45·

66 727 172 770 smum
190 712 321 769 omnium
336 709 372 770 de
395 710 528 770 Numidia
555 712 667 773 bonum
689 711 796 770 habeto
821 711 958 778 animum,
976 709 1076 780 Quiri·

88 802 143 853 tes.
172 792 246 853 Nam
261 811 336 872 quae
351 793 387 853 ad
403 793 586 870 hoctempus
597 792 768 867 Iugurtham
779 798 871 852 tutata
882 804 958 864 sunt,
972 797 1068 854 omnia

90 876 262 945 removistis,
277 876 435 945 avaritiam,
448 877 619 953 inperitiam,
638 872 753 955 [atque]
766 872 943 951 superbiam.
958 875 1069 938 Deinde
1078 889 1111 939 44

91 960 236 1020 exercitus
249 958 290 1019 ibi
307 966 359 1028 est,
375 958 509 1019 locorum
520 960 623 1027 sciona,
640 965 685 1018 set
699 956 868 1017 mehercule
886 960 979 1036 magis
997 968 1069 1020 stre-

90 1060 167 1102 nuus
181 1060 269 1120 quarn
290 1041 368 1103 felix.
398 1042 471 1103 Nam
489 1059 594 1118 magna
610 1059 679 1120 pars
695 1042 757 1101 eius
772 1041 890 1102 avaritia
907 1051 957 1101 aut
978 1049 1069 1102 teme·

56 1128 174 1186 44411414
197 1125 305 1186 ducum
328 1126 431 1186 adtrita
451 1132 504 1186 est.
541 1123 769 1196 Quamobrem
787 1141 847 1193 vos,
869 1123 975 1202 quihus
996 1126 1113 1186 mili-47

88 1210 158 1269 taris
181 1217 259 1269 aetas
283 1218 334 1277 est,
358 1209 520 1269 adnitimini
539 1226 655 1269 mecum
678 1217 707 1269 et
728 1210 868 1286 capessite
889 1225 953 1268 rem
975 1207 1069 1286 puhli-

89 1311 169 1351 cam:
186 1309 281 1369 neque
298 1309 474 1370 quemquam
489 1311 524 1351 ex
542 1291 703 1351 calamitate
722 1291 845 1352 ahorum
853 1299 902 1352 aut
913 1292 1069 1368 imperato-

89 1392 155 1434 rum
176 1373 314 1451 superbia
332 1381 428 1434 metus
450 1376 569 1453 ceperit.
615 1373 738 1452 Egomet
766 1376 795 1434 in
825 1376 940 1452 agmine
968 1384 1017 1435 aut
1041 1378 1070 1436 in

89 1457 202 1534 proelio
220 1458 369 1517 consultor
385 1458 462 1519 idem
481 1466 509 1518 et
529 1459 626 1518 socius
648 1460 773 1536 periculi
801 1457 950 1518 vobiscum
969 1459 1069 1529 adero,

56 1566 80 1604 rs
90 1559 197 1620 meque
214 1559 325 1618 vosque
343 1542 372 1602 in
388 1541 523 1602 omnihus
538 1541 628 1602 rehus
643 1543 722 1600 iuxta
738 1557 848 1616 goram.
886 1541 923 1601 Et
937 1541 1112 1621 profectost

90 1626 152 1685 ulcis
175 1624 339 1686 iuvantibus
362 1626 457 1686 omnia
480 1632 595 1685 matura
615 1631 698 1692 sunt,
723 1625 842 1684 victoria
863 1625 973 1702 praeda
999 1626 1069 1688 laus.

88 1707 170 1778 Quae
188 1709 213 1768 si
239 1708 326 1769 dubia
347 1718 396 1769 aut
416 1708 520 1786 procul
542 1718 652 1776 essent,
675 1716 773 1768 tamen
797 1708 890 1767 omnis
911 1706 1005 1766 bonos
1026 1710 1070 1767 rei

90 1791 224 1868 publicae
239 1790 394 1853 subvenire
410 1791 539 1852 decebat.
570 1790 683 1853 Etenim
702 1809 788 1852 nemo
805 1791 917 1866 ignavia
931 1793 1070 1850 inmorta-
1081 1797 1114 1846 49

90 1875 126 1933 lis
143 1875 236 1934 iactus
255 1882 312 1943 est,
341 1893 437 1952 neque
460 1877 612 1954 quisquam
634 1893 741 1952 parens
762 1874 862 1934 liberis
905 1876 946 1934 uti
961 1875 1072 1934 aeterni
1178 1928 1184 1937 .

56 1983 81 2022 ao
92 1958 189 2018 forent
222 1960 338 2036 optavit,
360 1959 451 2036 magis
466 1960 506 2017 uti
528 1957 598 2017 honi
618 1958 791 2034 honestique
806 1957 894 2017 vitam
911 1959 1071 2034 exigerent.

91 2040 180 2101 Plura
191 2041 330 2112 dicerem,
343 2040 482 2111 Quirites
498 2042 522 2100 si
539 2041 645 2101 timidis
661 2044 797 2100 virtutem
812 2038 900 2100 verba
915 2040 1071 2100 adderent:
1082 2050 1115 2101 50

91 2141 160 2183 nam
175 2126 302 2185 strenuis
324 2125 441 2186 abunde
463 2126 572 2184 dictum
594 2123 685 2202 puto!

177 2207 305 2268 Huiusce
321 2209 400 2269 modi
411 2210 542 2268 oratione
557 2207 655 2268 habita
670 2206 787 2277 Marius,
805 2216 960 2286 postquam
976 2204 1121 2287 plebei86

93 2291 205 2355 animos
217 2290 351 2350 adrectos
365 2291 456 2358 videt,
472 2308 601 2368 propere
615 2298 783 2359 conmeatu,
801 2291 954 2368 stipendio,
973 2293 1070 2358 armis,

56 2371 154 2434 uallis
174 2371 294 2433 utilibus
321 2373 400 2432 navis
429 2382 547 2435 onerat:
576 2391 643 2433 cum
664 2373 709 2432 his
726 2374 759 2432 d.
784 2372 921 2433 Manlium
944 2373 1072 2449 legatum

91 2457 237 2534 proficisci
255 2455 344 2516 iubet.
388 2454 454 2532 lpse
482 2457 593 2516 interea
613 2455 717 2516 milites
738 2455 884 2524 scrihere,
907 2473 967 2515 non
989 2474 1097 2521 morea

91 2541 236 2600 maiorum
258 2557 354 2619 neque
378 2556 412 2599 ex
424 2538 574 2607 classibus,
590 2546 634 2599 set
655 2540 696 2599 uti
719 2540 860 2619 cuiusque
877 2538 977 2600 lubido
999 2548 1070 2609 erat,

92 2624 186 2701 capite
208 2641 312 2684 censos
333 2622 499 2702 plerosque.
543 2622 574 2682 ld
597 2622 705 2683 iactum
725 2622 772 2682 alii
793 2623 891 2700 inopia
914 2623 1096 2694 honorum,3

92 2705 140 2766 alii
160 2724 214 2784 per
229 2707 416 2766 ambitionem
437 2706 563 2767 consulis
583 2705 794 2773 memorabant,
813 2706 891 2784 quod
912 2706 948 2766 ab
971 2725 1006 2766 eo
1022 2721 1071 2783 gc·

56 2807 163 2850 sonere
185 2788 350 2850 celebratus
364 2797 526 2868 auctusque
543 2800 615 2859 erat,
637 2796 666 2849 et
679 2789 791 2848 homini
808 2790 967 2865 potentiam
985 2805 1073 2867 quae·

91 2873 168 2933 renti
190 2874 403 2948 egentissumus
412 2875 536 2950 quisque
549 2873 835 2950 opportunissimus,
844 2873 891 2932 eui
909 2890 1005 2951 neque
1021 2890 1072 2932 sua

92 2974 169 3098 capa,
187 2957 295 3035 quippe
309 2974 384 3035 quae
399 2955 478 3016 nulla
493 2967 569 3022 sunt,
590 2962 619 3014 et
640 2957 737 3015 omnia
753 2974 820 3015 cum
836 2957 936 3033 precio
951 2957 1073 3016 honesta

91 3041 234 3098 vientur.

176 3121 268 3199 Igitur
291 3122 399 3182 Marius
426 3140 492 3182 cum
521 3119 668 3197 aliquanto
696 3122 806 3180 maiore
831 3139 956 3182 numero
987 3140 1099 3199 quamn
1114 3166 1161 3187 u..

58 3208 244 3267 udecretum
268 3216 330 3267 erat
350 3206 380 3264 in
401 3205 529 3265 Africam
550 3202 699 3278 proiectus
717 3205 817 3280 paucis
838 3204 940 3266 diebus
961 3208 1074 3268 Uticam

94 3291 256 3352 advehitur.
298 3289 452 3350 Exercitus
473 3289 500 3348 ei
520 3287 645 3346 traditur
668 3286 729 3346 aP.
745 3286 852 3347 Rutilio
873 3287 983 3366 legato:
1005 3307 1097 3357 nam5

94 3373 226 3434 Metellus
242 3380 430 3451 conspectum
441 3371 515 3432 Mari
524 3371 649 3447 fugerat,
666 3387 703 3429 ne
713 3370 824 3430 videret
836 3389 879 3438 ea,
892 3389 966 3448 qnae
977 3373 1072 3434 audita

96 3459 210 3518 animus
223 3456 349 3518 tolerare
363 3458 543 3534 nequiverat.
