2392 3848
320 189 363 229 33
385 188 488 229 aucto
512 186 689 229 movarmo
711 185 739 227 e.
760 175 786 229 1.
809 178 837 228 5.
1030 163 1070 225 39

93 336 189 397 claros
209 336 287 395 viros
309 332 408 393 solitos
424 335 463 393 ita
484 334 599 394 dicere:
622 351 689 395 cum
703 335 847 394 maiorum
863 333 1005 409 imagines
1024 329 1070 390 in-

92 424 255 489 tuerentur,
263 416 526 478 vehementissume
537 416 593 477 sibi
603 418 732 478 animum
743 417 779 477 ad
789 417 926 477 virtutem
937 414 1069 475 adcendi.

93 501 209 563 Scilicet
220 518 280 560 non
295 517 394 561 ceram
411 498 490 561 illam
503 518 600 578 neque
614 499 738 577 liguram
759 506 870 560 1331331
883 500 941 559 vim
956 499 987 557 13
1008 503 1099 575 33333

91 584 213 653 habere,
225 591 270 644 set
283 584 425 644 memoria
436 600 537 645 rerum
547 590 696 661 gestarum
711 602 776 645 eam
784 583 933 643 flammam
948 581 1073 657 egregiis

64 669 160 728 331313
181 668 211 727 13
232 674 352 744 pectore
376 684 511 728 crescere
531 685 628 745 neque
648 668 731 742 prius
752 667 850 726 sedari
871 684 959 744 quam
980 666 1072 725 virtus

93 768 197 810 eorum
220 749 327 810 lamam
348 757 435 825 atque
457 748 581 825 gloriam
597 746 811 826 adaequaverit.
839 745 877 806 at
891 754 994 807 contra
1008 748 1099 826 quis7

93 840 137 892 est
151 833 282 891 omnium
292 831 338 891 his
348 830 489 901 moribus,
503 833 573 910 quin
585 832 688 891 divitiis
702 838 731 892 ct
744 830 917 909 sumptibus,
929 848 990 891 333
1004 848 1073 908 pro-

92 915 181 974 bitate
196 933 292 993 neque
308 913 450 974 industria
465 920 532 975 oum
546 913 706 975 maioribus
720 915 780 974 suis
797 914 971 975 contendat?
987 915 1073 974 etiam

93 997 227 1058 homines
242 999 318 1066 novi,
332 998 382 1075 qui
393 1004 477 1059 33133
492 1016 546 1076 per
560 999 698 1058 virtutem
712 996 789 1058 soliti
800 1005 884 1058 erant
893 996 1074 1058 nobilitatem

60 1102 84 1144 ro
94 1082 269 1151 antevenire,
280 1080 381 1141 furtim
393 1088 422 1141 et
432 1099 486 1160 per
497 1081 647 1142 latrocinia
657 1081 756 1159 potius
767 1098 855 1161 quam
866 1079 952 1141 bouis
963 1080 1074 1140 artibus

94 1165 131 1224 ad
143 1165 269 1242 imperia
285 1172 314 1224 et
326 1163 457 1225 honores
477 1166 625 1226 nituntur:
648 1164 772 1242 proinde
795 1165 878 1243 quasi
892 1170 1031 1241 praetura
1047 1169 1100 1224 318

95 1247 263 1307 3333313133
278 1254 364 1325 atque
382 1247 437 1307 3113
452 1249 548 1308 omnia
562 1247 686 1308 huiusce
699 1247 779 1308 modi
792 1265 848 1326 per
865 1265 897 1308 33
919 1248 981 1325 ipsa
996 1247 1075 1307 clara

95 1337 124 1390 et
145 1329 299 1405 magnifica
320 1331 392 1398 siut,
415 1348 450 1390 33
464 1348 524 1389 333
539 1330 662 1408 perinde
680 1330 845 1392 habeantur
859 1338 892 1391 ut
908 1349 1011 1390 eorum
1026 1331 1076 1409 qui

96 1431 130 1473 ea
145 1414 290 1473 sustinent
309 1414 400 1474 virtus
421 1420 473 1473 est.
508 1412 617 1473 Verum
632 1430 687 1490 ego
708 1413 829 1474 liberius
844 1413 987 1492 altiusque
1006 1415 1102 1491 pro-9

62 1520 86 1560 aa
97 1497 183 1565 cessi,
208 1496 279 1556 dum
299 1514 347 1558 me
369 1497 489 1557 civitatis
511 1514 627 1556 morum
647 1497 728 1574 piget
745 1498 915 1576 taedetque:
939 1514 1018 1556 nunc
1039 1496 1076 1557 ad

95 1581 244 1657 inceptum
262 1579 363 1642 redeo.

181 1662 296 1724 Bellum
315 1664 478 1740 scripturus
500 1680 579 1733 sum,
601 1664 680 1742 quod
700 1663 828 1743 populus
842 1661 992 1724 Romanus
1010 1663 1106 1723 cumb

96 1744 249 1822 Iugurtha,
264 1762 336 1821 rege
354 1745 556 1816 Numidarum,
579 1747 681 1825 gessit,
703 1748 832 1824 primum
848 1748 915 1825 quia
936 1763 1076 1824 magnum
1184 1746 1188 1750 ’

99 1836 129 1889 31
149 1834 233 1888 atrox
255 1829 393 1905 variaque
408 1830 529 1889 victoria
549 1829 617 1898 luit,
641 1829 747 1891 dehinc
768 1832 837 1909 quia
855 1836 926 1890 tunc
948 1831 1103 1907 primum2

64 1931 90 1972 to
99 1910 255 1989 superbiae
268 1910 424 1971 nobilitatis
438 1910 553 1972 obviam
568 1913 641 1972 itum
657 1920 713 1981 est,
729 1931 803 1990 quae
819 1914 966 1972 contentio
982 1913 1076 1972 divina

99 2003 129 2057 31
148 1994 275 2055 humana
291 2000 395 2055 cuneta
415 1995 586 2073 permiscuit
601 2014 695 2075 eoque
710 1995 864 2056 vecordiae
878 1996 1029 2074 processit,
1045 2002 1077 2055 ut

99 2077 201 2138 studiis
217 2077 347 2139 civilibus
364 2077 474 2139 bellum
488 2084 575 2157 atque
594 2080 710 2140 vastitas
724 2077 825 2140 ltaliae
846 2078 935 2138 durem
955 2077 1074 2139 laceret.

100 2161 150 2222 Set
164 2162 245 2242 prius
262 2179 350 2241 quam
369 2161 491 2222 huiusce
506 2162 585 2223 modi
605 2164 650 2224 rei
663 2163 776 2223 initium
792 2160 962 2240 expediam,
983 2167 1103 2240 paueat

100 2262 188 2322 supra
202 2251 342 2321 repetam,
355 2263 413 2322 quo
428 2245 465 2304 ad
480 2246 720 2321 cognoscundum
731 2246 828 2305 omnia
842 2243 974 2305 inlustria
985 2246 1078 2322 magis

65 2328 250 2405 samagisqus
269 2328 300 2387 iu
319 2333 420 2404 aperto
440 2328 506 2387 siut.

184 2408 266 2470 Bello
280 2410 390 2470 Punico
404 2409 543 2478 secundo,
561 2427 618 2486 quo
631 2410 690 2470 dux
704 2409 985 2486 Carthaginiensium
1001 2410 1105 2470 llam-4

99 2493 180 2555 nibal
196 2498 263 2571 post
280 2491 508 2569 magnitudinem
529 2493 655 2551 nominis
668 2491 792 2553 Romani
806 2492 905 2553 ltaliae
926 2511 997 2572 opes
1017 2511 1078 2553 ma·

101 2595 189 2638 xume
207 2576 378 2644 adtriverat,
399 2575 563 2644 1133131333,
586 2593 640 2634 rex
655 2575 863 2646 Numidarum,
879 2578 910 2638 13
925 2578 1080 2637 amicitiam

101 2667 238 2739 receptus
261 2679 277 2719 a
296 2660 329 2720 P.
353 2659 554 2738 Scipione‚cui
575 2664 677 2736 postea
696 2658 834 2720 Africano
857 2677 1020 2736 cognomen
1044 2678 1079 2719 ex

68 2745 209 2805 sovirtute
219 2742 282 2812 tuit,
294 2741 384 2803 multa
401 2749 430 2802 ot
446 2741 597 2820 praeclara
612 2743 656 2802 rei
670 2742 801 2802 militaris
816 2743 946 2803 facinora
959 2743 1078 2811 lecerat,

104 2827 142 2887 ob
165 2843 240 2906 quae
260 2826 343 2886 victis
364 2824 649 2902 Carthaginiensibus
664 2833 694 2885 et
711 2832 797 2904 capto
815 2825 930 2895 Susaoe,
953 2828 1035 2887 cuius
1049 2827 1079 2886 in

103 2910 201 2971 Africa
222 2925 360 2986 magnum
375 2916 462 2988 atque
478 2909 701 2985 lateimperium
715 2907 812 2979 valuit,
833 2909 959 2987 populus
974 2909 1079 2969 Roma·

103 3010 161 3054 nus
180 3010 379 3072 quascumque
401 2991 484 3053 urhis
511 2999 539 3053 et
560 3009 647 3069 agros
666 3009 756 3052 manu
777 3001 896 3068 ceperat
917 2995 981 3068 regi
1002 2992 1079 3053 douo

108 3076 194 3138 dedit.
231 3074 324 3151 lgitur
343 3077 467 3135 amicitia
480 3075 647 3136 Masinissae
662 3073 740 3134 hona
756 3081 844 3152 atque
857 3074 978 3135 honesta
996 3073 1109 3134 nohiso

70 3178 98 3225 as
106 3160 281 3238 permansit:
300 3155 374 3239 [sot]
397 3158 503 3233 imperi
523 3158 657 3233 vitaeque
680 3156 831 3218 eiusfinis
852 3157 931 3219 idem
952 3157 1016 3216 luit.

190 3242 263 3303 Dein
284 3241 403 3321 ltlicipsa
425 3239 501 3300 filius
514 3255 639 3316 regnum
652 3239 733 3300 solus
749 3240 874 3303 obtinuit
886 3239 1082 3302 Mastanabale

107 3335 136 3386 et
152 3326 276 3388 Gulussa
298 3323 438 3386 fratribus
455 3323 560 3384 morbo
581 3321 750 3403 absumptis.
794 3324 822 3385 ls
841 3322 1035 3385 Adherbalem
1054 3334 1082 3386 et

106 3408 301 3486 lliempsalcm
323 3429 358 3470 ex
380 3425 444 3469 sose
466 3408 579 3485 genuit,
603 3406 847 3489 Iugurthamque,
868 3405 960 3495 illium
978 3407 1081 3468 llasta-
