2392 3848
139 176 198 238 122
251 195 347 238 om.
370 196 409 237 ΕΤ
431 195 536 240 mss.
556 195 600 236 EX
621 194 786 238 HISTORIIS
808 196 1004 240 excusem.

137 345 175 402 tis
196 343 297 403 divitiis
315 351 367 412 est,
391 343 459 420 quid
477 343 513 405 ab
526 343 582 404 illis
594 342 652 403 nisi
667 341 767 404 dolum
781 345 811 404 in
823 361 963 421 praesens
976 355 1005 407 et
1017 358 1123 426 postea

86 436 120 489 20
137 425 246 488 bellum
274 427 427 504 expectes?
448 426 571 487 Romani
600 434 684 487 arma
712 426 743 487 in
769 429 864 488 omnis
888 428 1012 498 habent,
1037 449 1121 495 seer·
1174 464 1177 469 ·

138 528 223 571 ruma
243 512 273 570 in
295 527 359 579 eos,
381 508 487 588 quibus
507 510 590 570 vietis
607 507 701 585 spolia
723 525 858 571 maxuma
877 517 961 571 sunt:
983 516 1119 577 audendo

89 604 121 655 21
141 601 170 654 et
195 592 324 654 fallundo
351 599 380 652 et
402 589 479 652 bella
502 609 539 651 ex
566 591 653 653 bellis
672 590 801 650 serundo
821 592 920 668 magni
941 593 1019 655 faeti.
1062 600 1121 660 Per

137 677 218 736 hune
237 692 350 734 morem
374 675 545 751 extinguent
571 676 669 735 emnia
691 680 741 734 aut
762 675 909 739 occident:
943 678 1021 755 quod
1048 679 1142 746 haute

137 757 253 819 difficile
279 766 337 827 est,
360 760 436 819 situ
457 758 680 836 Mesopotamia,
708 775 763 818 nos
784 758 921 821 Armenia
938 762 1117 838 circumgre-

137 842 234 902 dimur
256 844 417 904 exereitum
434 843 496 902 sine
517 842 682 908 frsnnento,
699 841 761 902 sine
781 842 906 911 auxiliis,
930 841 1046 900 fortuna
1067 850 1117 900 aut

85 938 121 988 22
136 926 245 985 nestris
262 926 337 986 vitiis
355 927 451 987 adhue
471 922 658 985 ineolumem.
679 921 779 1000 Teque
797 923 845 982 illa
866 924 942 982 sama
961 929 1114 998 sequetur:

138 1008 244 1068 auxilio
272 1009 437 1085 proiectum
467 1008 581 1085 magnis
614 1005 736 1081 regibus
763 1004 891 1065 latrones
912 1004 1041 1081 gentium
1064 1005 1115 1065 ob·

87 1104 121 1156 23
138 1092 289 1168 pressisse.
322 1091 407 1162 Quod
433 1092 475 1151 uti
502 1090 591 1149 facias
617 1085 920 1164 inmemoresque,
948 1104 1006 1147 neu
1033 1087 1148 1148 malisse

137 1175 262 1251 pernitie
283 1181 383 1232 nostra
398 1180 477 1231 tuam
492 1166 639 1247 prolatare
659 1183 749 1245 quam
770 1169 908 1229 societate
929 1171 1020 1230 victor
1042 1172 1114 1232 fieri.
