2392 3848
246 191 288 230 nn
311 189 483 232 oarmmarr
506 189 746 234 coerrvnarronu
768 190 795 233 c.
816 183 860 236 58.
883 179 927 236 69.
1031 175 1071 236 35

96 335 191 397 Licuit
205 336 287 398 vobis
298 354 366 397 cum
376 353 489 396 summa
500 338 679 415 turpitudine
691 340 720 398 in
738 337 822 399 exilio
836 344 959 400 aetatem
974 356 1071 417 agere,
1083 351 1115 402 ’13

95 421 229 489 potuistis
242 419 375 480 nonnulli
395 419 506 481 Romae
520 422 632 482 amissis
653 421 738 482 bonis
752 421 860 483 alienas
875 440 946 501 opes
968 441 1071 500 expec-

95 513 174 564 tare:
190 505 257 582 quia
267 503 315 564 illa
325 502 411 565 ioeda
422 509 509 582 atque
523 503 703 566 intoleranda
717 506 785 566 viris
798 505 980 576 ridebantur,
996 506 1071 568 haec
1085 522 1115 571 14

97 587 180 666 sequi
201 586 378 649 decrevistis.
410 586 441 647 si
462 586 536 648 haec
553 587 720 667 relinquere
741 589 833 659 uoltis,
856 590 977 651 audacia
997 607 1072 667 opus
1083 604 1113 653 15

74 682 156 730 sest:
178 689 265 732 nemo
284 672 340 732 nisi
355 671 449 731 victor
464 688 537 748 pace
554 669 663 732 bellum
683 673 813 733 mutarit.
858 672 931 733 Nam
951 674 980 732 in
1003 672 1115 749 iugale

95 750 218 814 salutem
232 771 360 831 sperare,
379 770 447 813 cum
458 771 549 822 arma,
563 753 669 830 quihus
681 772 789 831 corpus
802 757 919 831 tegitur,
935 755 972 816 ab
982 755 1072 815 hosti·

95 834 151 895 bus
165 838 314 905 averteris,
337 854 371 896 ea
391 854 462 897 vero
477 836 622 896 dementia
637 844 690 897 est.
719 837 842 914 Semper
858 839 886 896 in
902 837 1015 915 proelio
1031 840 1114 898 eis17

94 935 264 980 maxumum
281 925 326 980 est
341 918 516 997 periculum,
527 921 576 997 qui
597 938 732 980 maxume
749 921 862 981 timent:
875 922 995 981 audacia
1017 938 1072 998 pro

94 1020 180 1064 muro
195 1001 328 1063 habetur.

62 1104 85 1146 ro
179 1085 251 1146 Cum
282 1103 333 1146 vos
360 1086 529 1156 considero,
564 1086 682 1154 milites,
716 1092 745 1147 et
774 1104 840 1147 cum
868 1086 943 1147 iacta
974 1093 1071 1148 rostra
1081 1096 1113 1148 18

94 1177 233 1239 aestumo,
252 1186 358 1247 magna
373 1189 421 1232 me
436 1188 503 1248 spes
517 1171 655 1232 victoriae
669 1175 756 1231 tenet
784 1170 905 1232 Animus
920 1177 999 1232 aetas
1013 1173 1115 1232 vir-19

94 1259 142 1314 tus
156 1260 253 1313 vostra
266 1271 315 1314 me
329 1253 496 1322 hortantur,
511 1261 664 1331 praeterea
679 1254 874 1324 necessitudo,
893 1273 967 1333 quae
985 1257 1070 1315 etiam

92 1337 209 1396 timidos
223 1335 307 1396 fortis
321 1336 399 1397 iacit.
417 1335 491 1398 Nam
502 1337 656 1397 multitudo
669 1336 797 1398 hostium
810 1354 847 1398 nc
860 1339 1114 1398 circumvenirent

94 1427 190 1499 queat,
205 1419 363 1497 prohibent
379 1421 528 1496 angustiae
542 1420 609 1480 loci.
638 1417 760 1487 Quodsi
776 1421 872 1480 virtuti
886 1426 1000 1480 vostrae
1012 1419 1070 1479 ior·
1079 1434 1113 1480 21

60 1523 84 1563 u
93 1509 163 1564 tuna
185 1503 333 1572 inviderit,
355 1509 468 1571 cavete,
490 1502 575 1562 inulti
594 1503 719 1563 animam
742 1504 891 1572 amittatis,
915 1520 972 1563 neu
995 1506 1071 1581 capti

92 1588 190 1665 potius
204 1587 288 1647 sicuti
301 1604 410 1665 pecora
422 1585 621 1653 trucidemini,
645 1603 732 1663 quarn
753 1587 883 1646 virorum
897 1604 980 1647 more
996 1603 1071 1663 pug-

92 1676 196 1731 nantes
217 1679 369 1731 cruentam
383 1677 470 1749 atque
488 1669 651 1729 luctuosam
670 1670 817 1730 victoriam
833 1669 966 1730 hostibus
982 1670 1071 1730 relin-

93 1752 205 1832 quatis?

175 1835 256 1896 Haec
275 1835 326 1896 ubi
342 1835 422 1904 dixit,
437 1834 589 1913 paululum
605 1844 791 1898 conmoratus
811 1839 892 1915 signa
907 1855 1013 1897 canere
1028 1839 1071 1897 iu·
1081 1841 1120 1902 59

59 1939 84 1981 ro
94 1918 145 1981 bet
158 1924 245 1997 atque
259 1920 417 1979 instructos
432 1918 550 1980 ordines
567 1920 596 1978 in
614 1918 711 1980 locum
727 1938 830 1981 aecum
845 1920 970 1980 deducit.
997 1920 1071 1980 Dein

93 2004 213 2063 remotis
236 2003 366 2063 omnium
387 2003 484 2081 equis,
515 2020 573 2082 quo
596 2001 735 2063 militibus
759 2009 918 2083 exaequato
939 2002 1071 2079 periculo

17 2090 19 2095 '
93 2088 207 2146 animus
229 2085 351 2164 amplior
366 2093 451 2156 esset,
472 2089 535 2164 ipse
551 2086 641 2165 pedes
661 2087 821 2147 exercitum
835 2105 889 2166 pro
903 2085 968 2146 loco
984 2093 1071 2164 atque

94 2171 184 2247 copiis
198 2170 322 2230 instruit.
350 2169 423 2230 Nam
450 2171 493 2231 uti
506 2169 639 2249 planities
653 2176 717 2231 erat
730 2171 806 2231 inter
817 2172 950 2230 sinistros
965 2171 1096 2232 montisr

93 2259 123 2313 et
137 2252 173 2314 ab
190 2253 291 2314 dextra
306 2270 381 2331 mpe
396 2271 509 2332 aspera,
528 2260 594 2313 octo
612 2253 741 2313 cohortis
755 2254 785 2313 in
800 2252 897 2314 fronte
912 2253 1067 2319 constituit,

56 2360 81 2400 ω
92 2335 269 2397 relicuarum
283 2337 365 2412 signa
380 2337 410 2395 in
425 2334 553 2396 subsidio
571 2337 662 2396 artius
680 2334 827 2395 conlocat:
850 2335 886 2395 ab
905 2337 947 2396 eis
969 2341 1094 2400 centu-a

91 2420 190 2479 rienes
205 2418 300 2479 omnis
312 2417 404 2477 lectos
418 2424 447 2479 et
464 2425 611 2496 evocatos,
625 2424 778 2495 praeterea
790 2436 825 2477 ex
841 2418 982 2494 gregariis
996 2414 1069 2476 mili·

25 2527 28 2547 τ
91 2503 169 2563 tibus
184 2507 336 2579 optumum
350 2517 495 2580 quemque
509 2507 653 2561 armatum
668 2500 698 2560 in
712 2500 837 2577 primam
851 2502 943 2560 aciem
960 2500 1069 2560 subdu·

22 2641 28 2658 ,,
92 2587 139 2646 cit.
167 2587 202 2648 G.
215 2582 353 2645 Manlium
368 2585 397 2644 in
413 2584 523 2654 dextra,
539 2583 733 2644 Faesulanum
748 2584 895 2663 quendam
909 2584 937 2644 in
954 2585 1068 2644 sinistra

91 2675 176 2746 parte
198 2685 303 2729 curare
321 2666 417 2729 iubet:
435 2670 497 2748 ipse
515 2685 581 2728 cum
601 2665 713 2728 libertis
731 2674 760 2727 et
782 2666 932 2729 calonibus
948 2674 1084 2744 propter·

56 2772 82 2812 so
91 2749 218 2830 aquilam
234 2751 353 2820 adsistit,
370 2768 457 2829 quam
473 2749 550 2811 bello
567 2749 712 2810 Cimbrico
724 2751 758 2812 G.
771 2751 880 2812 Marius
894 2752 924 2810 in
940 2750 1069 2810 exercitu

91 2833 227 2896 habuisse
243 2832 403 2895 dicebatur.
964 2906 967 2911 Ι

174 2918 212 2978 At
233 2935 270 2978 ex
290 2915 381 2978 altera
398 2922 481 2996 parte
497 2917 530 2978 G.
547 2915 702 2986 Antonius,
725 2918 849 2996 pedibus
871 2934 958 2996 aeger
991 2919 1097 3000 quode

90 3000 203 3082 proelio
219 2999 321 3060 adesse
342 3000 495 3079 nequibat,
517 2999 555 3059 ll.
575 3000 691 3060 Petreio
711 2999 809 3078 legato
827 3005 986 3064 exercitum
1002 3021 1069 3081 per-

90 3085 185 3145 mittit
206 3082 258 3143 ille
273 3082 400 3142 cohortis
413 3090 573 3151 veteranas,
589 3099 662 3159 quas
680 3083 798 3145 tumulti
813 3104 902 3148 eausa
921 3085 1094 3160 conscrips

57 3188 82 3229 u
92 3176 178 3238 serat,
190 3168 220 3227 in
231 3165 336 3234 fronte,
348 3171 468 3242 posteas
480 3171 610 3226 ceterum
621 3165 781 3226 exercitum
791 3166 820 3225 in
832 3167 966 3227 subsidiis
976 3166 1067 3226 locat:

91 3254 153 3329 ipse
164 3267 240 3329 equo
255 3248 430 3309 circumiens
439 3265 678 3326 unumquemque
693 3249 846 3309 nominans
861 3247 985 3326 adpellat
998 3247 1068 3310 hor·

91 3340 170 3394 tatur
185 3337 283 3408 rogat,
303 3339 337 3393 ut
350 3332 536 3393 meminerint
551 3349 583 3393 se
598 3339 699 3392 contra
715 3331 843 3391 latrones
858 3332 991 3403 inermis,
1013 3349 1067 3410 pro

91 3418 186 3494 patria
198 3433 254 3493 pro
274 3414 391 3484 liberis,
412 3432 467 3491 pro
483 3416 541 3476 aris
555 3421 642 3494 atque
657 3415 730 3475 iocis
745 3415 805 3474 suis
820 3420 943 3477 certare.
972 3415 1096 3480 llomoc

879 3512 925 3566 *b*
1141 3552 1144 3567 .
