2392 3848
145 216 185 274 90
393 231 435 270 on
454 229 556 269 nunno
581 228 780 270 tvcvs'rrarno
803 226 828 266 c.
843 217 884 271 85.

146 382 242 440 iorum
255 395 388 438 meorum
400 383 560 442 ostentare,
575 384 613 442 at,
631 376 654 434 si
669 394 717 436 res
731 374 866 454 postulet,
880 374 977 433 hastas
992 372 1128 432 vexillum

148 461 297 541 phaleras
314 460 368 520 alin
391 459 523 518 militaria
546 459 637 527 dona,
660 464 813 536 praeterea
833 458 983 518 cicatrices
1005 456 1128 516 advorso

105 560 140 608 30
150 554 276 623 pectore.
316 544 376 603 Hae
393 553 461 603 sunt
474 561 557 602 meae
572 543 726 619 imagines,
748 542 822 602 haec
842 539 985 608 nobilitas,
1001 557 1061 599 non
1077 539 1128 600 he·

151 630 272 688 reditate
288 628 402 695 relicta,
426 633 457 685 ut
473 625 520 686 illa
537 625 601 693 illis,
618 632 663 685 set
679 643 754 704 quae
770 632 887 701 egomet
917 625 988 684 meis
1025 622 1126 700 pluru-

108 715 205 778 armis
229 711 379 771 laboribus
409 717 438 769 et
464 706 603 786 periculis
630 710 766 786 quaesivi.
804 707 869 768 Non
891 717 959 768 sunt
981 708 1153 783 conpositas

150 795 240 855 verba
256 812 335 854 mea:
351 794 433 872 parvi
447 792 477 852 id
493 792 584 852 facio:
600 793 707 868 ipsese
725 793 817 851 rirtus
832 792 900 851 satis
916 790 1054 851 ostendit:
1074 788 1129 848 illis

108 879 273 942 aaartificio
300 894 374 956 opus
396 885 453 944 est,
482 882 515 935 ut
533 877 630 953 turpia
650 875 724 934 lacta
749 877 880 936 oratione
905 881 1011 950 tegant.
1028 872 1129 950 Neque

149 962 260 1022 litteras
275 961 402 1020 Graecas
421 959 522 1019 didici:
545 975 649 1034 parurn
663 957 796 1034 placebat
814 976 862 1019 eas
878 958 1005 1025 discere,
1022 957 1129 1034 quippe

107 1062 140 1113 33
151 1063 226 1122 quae
242 1045 277 1104 ad
294 1045 430 1103 virtutem
446 1041 615 1102 doctoribus
629 1041 700 1101 nihil
715 1042 893 1118 profuerant.
924 1041 961 1099 dt
975 1038 1022 1098 illa
1036 1038 1128 1098 multo

151 1135 269 1206 optuma
284 1129 327 1187 rei
341 1126 475 1202 publicae
490 1125 593 1184 doctus
607 1142 686 1184 sum:
705 1124 817 1184 hostem
834 1123 936 1191 ferire,
950 1123 1128 1200 praesidium
1139 1141 1164 1180 ro

151 1213 275 1286 agitare,
290 1209 361 1268 nihil
373 1215 504 1269 metuere
517 1208 572 1267 nisi
583 1215 700 1284 turpem
711 1205 826 1276 lamam,
844 1207 971 1267 hiemem
987 1213 1015 1266 et
1032 1198 1125 1265 aesta·

151 1304 211 1354 tem
229 1295 308 1352 iuxta
329 1293 397 1369 pati,
419 1292 502 1351 humi
514 1291 713 1369 requiescere,
738 1291 841 1352 eodem
854 1298 987 1368 tempore
1002 1290 1129 1366 inopiam

107 1392 142 1442 34
153 1385 182 1436 et
201 1375 334 1435 laborem
356 1374 491 1435 tolerare.
525 1374 574 1434 Eis
591 1392 644 1451 ego
657 1376 822 1453 praeceptis
845 1373 949 1434 milites
970 1371 1128 1432 hortabor:

151 1478 206 1520 nec
228 1458 292 1519 illos
312 1466 374 1519 arte
393 1459 495 1527 colam,
519 1476 566 1517 mo
582 1457 744 1534 opulenter,
766 1475 863 1536 neque
884 1455 1008 1532 gloriam
1023 1472 1128 1522 meam,

108 1543 281 1611 aslaborem
298 1541 415 1602 illorum
432 1542 543 1601 faciam.
573 1539 635 1599 Hoc
651 1548 694 1600 est
707 1540 787 1607 utile,
804 1541 860 1600 hoc
877 1539 957 1599 civile
964 1540 1128 1617 imperIum.
1141 1555 1164 1605 rs

152 1626 282 1704 Namque
306 1644 373 1686 cum
393 1631 454 1684 tute
469 1642 523 1703 per
539 1623 688 1683 mollitiam
709 1641 786 1700 agas,
808 1625 967 1684 exercitum
988 1620 1130 1700 subplicio

108 1729 141 1778 36
153 1727 275 1786 cogere,
291 1709 321 1767 id
337 1716 380 1767 est
393 1708 556 1775 dominum,
570 1707 840 1784 nonimperatorem
856 1723 927 1766 esse.
952 1706 1031 1766 llaec
1042 1712 1130 1783 atque

152 1792 217 1850 talia
235 1792 360 1850 maiores
381 1791 470 1850 vostri
487 1790 621 1850 faciundo
642 1808 732 1867 seque
750 1808 872 1870 remque
888 1788 1036 1867 publicam
1055 1788 1129 1848 cele·

109 1896 140 1947 37
152 1875 284 1934 lu‘arere.
326 1872 395 1942 Quis
409 1873 543 1933 nobilitas
561 1873 645 1943 freta,
667 1874 730 1952 ipsa
748 1872 892 1934 dissimilis
914 1873 1055 1941 moribus,
1075 1889 1130 1930 nos

153 1957 271 2018 illorum
287 1956 416 2017 aemulos
432 1958 589 2018 contemmit
606 1964 635 2017 et
645 1957 738 2017 omnis
750 1956 876 2016 honores
891 1973 950 2016 non
966 1975 1001 2016 or
1016 1956 1130 2023 merito,
1141 1977 1165 2016 ao

111 2055 145 2104 38
155 2051 200 2101 set
222 2042 304 2119 quasi
319 2039 431 2101 debitos
445 2058 461 2099 a
477 2041 559 2101 vobis
579 2042 693 2118 repetit.
728 2041 864 2101 Ceterum
878 2040 1009 2099 homiues
1027 2054 1130 2115 super-

150 2125 273 2183 bissumi
288 2125 392 2200 procul
409 2132 518 2183 errant.
548 2123 672 2183 Maiores
687 2142 789 2184 eorum
806 2124 911 2192 omnia,
927 2140 1002 2200 quae
1014 2120 1130 2189 licebat,

152 2206 205 2265 illis
217 2205 371 2284 reliquere,
385 2206 495 2265 divitias
509 2207 665 2282 imagines
682 2207 853 2267 memoriam
867 2207 912 2267 sui
929 2204 1128 2285 praeclaram:

153 2291 287 2349 virtutem
297 2306 357 2349 non
367 2288 522 2368 reliquere,
535 2307 631 2367 neque
646 2297 793 2366 poterant:
812 2309 845 2350 ea
861 2290 922 2350 sola
934 2307 1030 2368 neque
1046 2287 1131 2348 datur

109 2373 229 2434 {redono
252 2392 347 2451 neque
370 2374 519 2451 accipitur.
560 2373 716 2434 Sordidum
733 2393 779 2434 me
807 2382 837 2437 et
856 2371 976 2434 incultis
997 2370 1131 2432 moribus
1141 2391 1165 2431 aa

152 2460 245 2526 aiunt,
266 2459 332 2536 quia
347 2474 452 2533 parum
475 2461 545 2518 scite
568 2459 729 2518 convivium
745 2476 871 2525 exorno,
894 2475 991 2535 neque
1012 2455 1130 2516 histrio·

152 2557 220 2600 nem
237 2539 337 2608 ullum,
360 2557 456 2618 neque
470 2540 562 2618 pluris
576 2544 657 2618 preci
677 2559 780 2602 cocum
794 2559 880 2618 quam
895 2540 1012 2602 vilicum
1026 2538 1131 2598 habeo.

109 2626 145 2677 40
155 2623 235 2693 Quae
255 2623 328 2683 rnihi
348 2620 429 2682 lubet
452 2623 591 2692 confiteri,
616 2624 749 2694 Quirites.
783 2622 855 2683 Nam
873 2642 908 2683 ex
930 2629 1050 2700 parente
1065 2639 1132 2682 meo

153 2715 182 2767 et
196 2725 232 2766 er
247 2705 308 2766 aliis
320 2707 426 2766 sanctis
440 2707 508 2766 viris
520 2707 559 2766 ita
575 2709 686 2784 accepi:
697 2707 852 2767 munditias
865 2705 1046 2775 mulieribus,
1062 2705 1133 2765 viris

151 2790 284 2849 laborem
302 2792 466 2858 convenire,
483 2789 677 2867 omnibusque
687 2790 771 2850 bonis
789 2798 925 2866 oportere
940 2789 1006 2866 plus
1022 2787 1167 2865 gloriaest

153 2889 240 2947 quam
256 2873 418 2930 divitiarum
437 2890 513 2930 esse:
536 2889 626 2938 arma,
642 2890 701 2930 non
716 2871 924 2948 supellectilem
940 2872 1040 2930 decori
1057 2888 1130 2930 esse·

104 2972 118 3018 a
124 2971 135 3018 1
153 2953 228 3024 Quin
251 2968 322 3029 ergo
344 2953 422 3031 quod
440 2955 533 3021 iuvat,
555 2954 634 3030 quod
655 2971 756 3012 carum
772 2960 949 3021 aestumant,
967 2953 996 3013 id
1014 2970 1131 3030 semper

72 3085 79 3097 .
153 3037 273 3097 faciant:
296 3043 393 3096 ament
410 3044 524 3114 potent:
547 3036 597 3096 ubi
619 3035 843 3098 adulescentiam
861 3037 1003 3106 habuere,
1023 3037 1064 3097 ibi
1085 3055 1131 3097 se·

152 3127 299 3181 nectutem
314 3128 410 3196 agant,
430 3121 473 3202 [in
490 3119 650 3202 conviviis],
670 3120 758 3182 dediti
780 3123 872 3183 ventri
892 3130 921 3183 et
935 3122 1131 3198 turpissumae

152 3206 228 3281 parti
248 3205 395 3282 corporis:
432 3206 569 3268 sudorem
602 3205 753 3282 pulverem
772 3213 800 3266 et
816 3205 869 3266 alia
884 3204 951 3265 talia
965 3203 1168 3281 relinquentes

109 3287 252 3355 danobis,
276 3287 382 3366 quibus
405 3287 453 3348 illa
475 3288 568 3365 epulis
589 3289 758 3349 iocundiora
773 3296 848 3350 sunt.
884 3287 993 3352 Verum
1011 3287 1131 3348 nonita

151 3379 205 3430 est.
233 3371 307 3432 Nam
324 3370 375 3431 ubi
391 3390 422 3432 se
430 3366 584 3452 [omnibus]
592 3372 705 3448 flagitiis
722 3373 944 3439 dedecoravere,
960 3372 1131 3448 turpissumi

102 3474 140 3519 43
151 3457 204 3512 riri
216 3455 366 3514 bonorum
383 3457 512 3532 praemia
522 3465 655 3532 ereptum
671 3463 748 3515 erint.
779 3454 820 3514 lta
833 3454 1028 3514 iniustissume
1043 3453 1128 3515 luxu·
