2392 3848
118 193 175 252 104
303 209 346 249 ns
367 208 470 250 sunno
491 208 691 252 movarmuo
716 209 745 252 c.
768 201 909 254 100107.

114 356 271 418 adveniens
288 361 473 434 quaestorem
496 356 621 434 adpellat
635 357 761 436 dicitque
783 375 814 417 se
834 375 851 416 a
873 363 957 433 patre
980 355 1097 418 Boccbo

40 476 44 485 =
116 439 230 500 obviam
256 438 312 499 illis
339 438 425 499 simul
454 446 483 500 et
504 441 647 516 praesidio
669 443 798 501 missum.
846 439 958 500 Deinde
979 458 1047 500 eum
1069 449 1098 502 et

88 538 292 601 sproxumum
308 523 384 583 diem
402 524 464 583 sine
478 532 558 585 metu
573 525 720 585 coniuncti
742 531 821 584 eunt.
845 523 916 583 Post
933 521 984 583 ubi
1003 531 1097 585 castra

114 606 207 666 locata
223 613 253 666 et
271 605 328 666 diei
345 623 447 682 vesper
466 612 537 675 erat,
552 614 674 684 repente
688 607 807 668 Maurus
822 607 934 667 incerto
948 606 1028 666 voltu
1046 625 1097 683 pa·

115 707 185 750 vens
200 688 237 749 ad
256 689 364 749 Sullam
383 688 514 749 adcurrit
528 689 654 768 dicitque
670 690 725 750 sibi
747 708 783 751 ex
797 689 1029 767 speculatoribus
1047 709 1119 750 co·s

115 774 243 852 gnitum,
274 771 445 850 lugurtbam
472 771 543 832 baut
564 773 668 851 procul
690 773 807 834 abesse:
837 773 923 833 simul
944 773 987 833 uti
1007 780 1096 834 noctu

88 856 190 918 telam
211 873 313 916 secum
333 854 514 934 profugeret,
536 862 621 934 rogat
639 863 726 934 atque
745 856 890 916 hortatur.
935 856 985 917 llle
999 859 1097 916 animo

29 968 32 973 ·
116 940 208 1000 ieroci
224 945 312 1015 negat
327 957 360 998 se
379 939 486 998 totiens
503 939 600 999 lusum
618 938 774 999 Numidam
794 941 1017 1017 pertimescere:
1040 942 1096 999 rir-

114 1025 169 1083 tuti
191 1039 313 1083 suorum
338 1023 408 1081 satis
430 1022 567 1082 credere:
593 1024 680 1082 etiam
706 1024 732 1081 si
757 1029 836 1082 certa
862 1024 951 1098 pestis
971 1023 1095 1091 adesset,

114 1123 286 1167 mansurum
301 1106 500 1183 potiusquam
517 1104 648 1182 proditis,
671 1123 743 1183 quos
765 1105 904 1173 ducebat,
927 1107 1006 1183 turpi
1027 1104 1130 1180 lugam

115 1191 244 1250 incertae
259 1207 294 1248 ac
309 1187 430 1247 forsitan
444 1194 511 1265 post
523 1186 610 1264 paulo
631 1187 735 1248 morbo
756 1189 925 1249 interiturae
938 1190 1012 1249 vitae
1026 1205 1094 1265 par-

88 1278 203 1338 lceret.
238 1270 374 1332 Ceterum
389 1270 425 1331 ab
445 1270 548 1331 eodem
565 1272 693 1331 monitus
709 1273 752 1331 uti
771 1280 860 1332 noctu
875 1271 1095 1349 proficisceren-

114 1363 178 1423 tur,
209 1353 361 1414 consilium
383 1353 540 1432 adprobat,
569 1373 604 1414 ac
629 1356 724 1415 statim
748 1354 852 1415 milites
873 1361 1010 1416 coenatos
1032 1371 1096 1415 esse

115 1441 144 1497 in
164 1439 266 1499 castr's
287 1439 420 1516 ignisque
434 1455 521 1516 mam
538 1437 744 1498 creberrumos
760 1440 833 1507 lieri,
855 1438 923 1499 dein
940 1439 1033 1515 prima
1054 1439 1095 1498 ri·

88 1522 180 1598 ogilia
202 1520 316 1582 silentio
339 1520 439 1598 egredi
458 1521 547 1581 iubet.
583 1521 702 1599 lamque
722 1528 869 1582 nocturno
888 1523 992 1583 itinere
1014 1521 1131 1583 lessisrs

118 1604 253 1665 omnibus
268 1603 347 1665 Sulla
361 1605 470 1683 pariter
485 1623 552 1664 cum
567 1611 633 1665 ortu
648 1605 716 1665 solis
732 1611 825 1665 castra
841 1603 1014 1674 metabatur,
1029 1622 1098 1666 cum

118 1690 230 1768 equites
246 1687 340 1748 Mauri
350 1689 485 1747 nuntiant
501 1687 672 1763 Iugurtham
684 1689 800 1749 circiter
817 1688 908 1749 duum
924 1687 1037 1750 milium
1052 1690 1096 1748 in-

88 1771 236 1833 otervallo
251 1777 319 1831 ante
332 1787 384 1831 eos
402 1770 577 1831 consedisse.
621 1769 704 1841 Quod
719 1780 873 1850 postquam
892 1772 1024 1831 auditum
1043 1776 1095 1840 est,

114 1864 177 1916 tum
194 1871 263 1915 vero
286 1856 390 1932 ingens
405 1859 501 1914 metus
513 1862 630 1914 nostros
645 1856 766 1916 invadit:
785 1855 906 1917 credere
920 1873 952 1915 se
964 1854 1096 1933 proditos

116 1957 132 1998 a
153 1938 262 1999 Voluce
284 1945 313 1999 et
333 1938 444 1998 insidiis
466 1939 692 2007 circumventos,
717 1957 751 1999 ac
772 1939 869 2007 luere,
894 1940 944 2017 qui
963 1939 1131 1999 dicerentro

115 2038 205 2082 manu
220 2021 424 2082 vindicandum
438 2039 535 2101 neque
548 2023 626 2098 apud
640 2021 721 2082 illum
735 2029 848 2082 tantum
862 2020 958 2082 scelus
972 2020 1096 2082 inultum

70 2104 367 2183 lotrelinquendum.
400 2105 437 2165 dt
458 2105 551 2174 Sulla,
574 2121 748 2183 quamquam
771 2104 873 2165 eadem
895 2104 1094 2173 existumabat,

118 2201 214 2250 tamen
236 2187 272 2246 ab
291 2189 396 2246 iniuria
414 2187 548 2247 Maurum
565 2187 716 2264 prohibet:
738 2205 808 2247 suos
827 2187 962 2248 bortatur
976 2189 1019 2248 uti
1036 2188 1096 2247 ior·

116 2282 176 2334 tem
199 2271 328 2330 animum
349 2276 501 2346 gererent:
527 2287 613 2347 saepe
626 2272 823 2348 anteapaucis
842 2272 975 2332 strenuis
991 2270 1096 2331 adror-

116 2373 182 2418 sum
197 2351 411 2414 multitudinem
431 2351 507 2413 bene
524 2359 701 2430 pugnatum:
725 2360 833 2432 quento
854 2354 911 2414 sibi
931 2355 960 2414 in
983 2353 1096 2431 proelio
1105 2372 1133 2412 ra

116 2440 213 2501 minus
228 2437 441 2514 pepercissent,
456 2442 536 2495 tanto
554 2438 679 2505 tutiores
695 2437 772 2497 iore:
787 2453 843 2498 nec
855 2454 1030 2516 quemquam
1045 2437 1096 2497 de·

117 2540 200 2590 cere,
229 2521 279 2596 qui
300 2535 404 2579 manus
424 2520 593 2586 armaverit,
618 2519 655 2579 ab
675 2521 793 2580 inermis
814 2519 938 2597 pedibus
957 2519 1098 2580 auxilium

116 2612 231 2684 petere,
255 2604 286 2662 in
302 2619 439 2662 maxumo
454 2608 536 2662 metu
549 2603 661 2662 nudum
680 2609 709 2663 et
724 2621 845 2664 caecum
865 2620 973 2682 corpus
986 2603 1023 2664 ad
1042 2603 1097 2662 ho·

92 2691 169 2752 estis
204 2693 331 2751 vortere.
389 2686 461 2747 bein
493 2685 650 2755 Volucem,
679 2687 816 2764 quorum
836 2685 949 2747 hostilia
976 2685 1095 2753 iaceret,

116 2775 213 2834 lovem
235 2787 402 2831 maxumum
420 2769 580 2831 obtestatus
591 2776 625 2831 ut
635 2768 753 2831 sceleris
770 2777 857 2850 atque
871 2770 1009 2847 perfidiae
1021 2769 1096 2828 Roo—
1107 2784 1134 2825 so

90 2856 165 2923 achi
184 2855 264 2914 testis
289 2853 417 2921 adesset,
436 2872 473 2914 ex
495 2856 597 2913 castris
618 2853 699 2914 abire
726 2853 814 2914 iubet.
859 2853 910 2914 llle
931 2853 1098 2913 lacrumans

116 2954 203 2997 orare
218 2953 256 2996 ne
271 2953 305 2995 ca
320 2935 470 2996 crederet:
483 2935 555 2995 nibil
571 2934 637 2994 dolo
652 2934 769 3004 lactum,
786 2953 820 2995 sc
836 2937 928 3013 magis
943 2933 1097 2995 ealliditate

118 3019 286 3099 Iugurthae,
304 3019 352 3080 cui
366 3017 499 3080 videlicet
509 3017 670 3096 speculanti
679 3019 735 3079 iter
745 3035 832 3079 suum
842 3021 990 3097 cognitum
1003 3021 1096 3078 esset:

90 3112 249 3168 coeterum
271 3105 409 3181 quoniam
426 3120 524 3184 neque
534 3103 682 3180 ingentem
696 3101 910 3164 multitudinem
925 3102 1048 3162 baberet
1067 3106 1097 3159 et

15 3196 19 3201 '
117 3205 185 3267 spes
212 3203 341 3266 opesque
359 3188 420 3247 eius
442 3206 480 3249 ex
499 3193 584 3265 patre
605 3203 659 3247 suo
673 3186 845 3264 penderent,
869 3185 992 3246 credere
1012 3181 1132 3243 illumsa

92 3271 190 3336 onihil
210 3270 306 3352 palam
321 3288 471 3342 ausurum,
487 3271 631 3348 cumipse
648 3269 724 3330 lilius
740 3270 819 3330 testis
841 3269 968 3329 adesset:
989 3283 1047 3344 qua
1061 3283 1096 3327 re

116 3362 270 3434 optumum
291 3355 370 3416 iactu
386 3356 491 3424 videri,
515 3372 568 3432 per
587 3353 683 3414 media
702 3354 765 3414 eius
779 3358 873 3413 eastra
889 3349 986 3428 palam
1001 3355 1096 3409 trans·

107 3440 173 3496 ite:
199 3455 267 3498 sese
295 3437 340 3498 rel
363 3440 532 3516 praemissis
552 3436 598 3497 vel
615 3435 722 3497 ibidem
743 3432 854 3515 relictis
872 3434 980 3495 llarrris
1001 3432 1097 3494 solum
