2392 3848
267 187 310 229 nn
332 186 435 228 succo
456 186 657 230 rvevnrffluo
680 186 707 227 c.
729 179 772 232 43.
791 179 833 232 44.
856 182 898 234 45.
1032 174 1072 233 65

93 335 171 404 citui,
195 334 301 395 milites
324 335 455 395 scribere
481 334 625 413 praesidia
650 336 779 412 undique
807 353 968 405 accersere,
992 352 1073 397 arma

92 417 158 488 tela,
179 435 270 495 equos
292 426 321 478 et
341 425 439 479 cetera
461 420 653 480 instrumenta
674 417 791 479 militiae
814 437 935 497 parare,
958 418 1073 480 adhoc

94 509 277 562 conmeatum
293 501 427 572 adlatim,
444 502 569 581 denique
585 503 695 572 omnia,
715 520 790 581 quae
806 504 837 562 in
853 501 932 564 bello
946 503 1026 562 vario
1044 511 1073 563 et

92 584 251 646 multarum
272 603 372 646 rerum
391 588 488 664 egenti
507 588 574 646 usul
597 603 660 646 esse
682 585 784 646 solent.
830 585 967 647 Ceterum
987 585 1024 646 ad
1039 601 1100 648 eal

70 675 142 747 spat
130 668 234 728 tranda
255 676 373 730 senatus
393 671 579 738 auctoritate,
603 670 675 728 socii
694 687 862 766 nomenque
887 669 1023 730 Latinum
1045 676 1074 729 et

92 768 178 827 reges
192 751 270 810 ultro
289 750 394 811 auxilia
408 752 562 820 mittundo,
573 757 721 828 postremo
737 753 831 812 omnis
847 753 945 812 civitas
957 770 1072 812 summo

93 834 188 893 studio
202 832 396 893 adnitebatur
422 833 530 930 'ltaque
546 851 582 894 ex
602 836 744 894 sententia
761 833 897 895 omnibus
914 833 1005 895 rebus
1019 853 1070 912 pa·
1058 843 1097 893 -5

92 918 163 976 ratis
183 916 428 994 conpositisque·
420 934 450 976 in
472 915 637 977 Numidiam
657 917 868 994 proficiscitur,
896 935 1001 996 magna
1021 935 1073 995 spe

93 1000 197 1060 civium
220 1018 287 1059 cum
308 1007 430 1077 propter
447 1000 517 1059 artis
529 998 623 1060 bonas
637 1007 700 1060 tum
718 1018 854 1061 maxume
870 1002 948 1079 quod
968 1001 1105 1061 advor-

57 1099 157 1143 sosum
176 1083 287 1143 divitias
304 1083 443 1143 invictum
457 1084 586 1145 animum
603 1082 725 1160 gerebat
739 1091 768 1144 et
785 1086 904 1145 avaritia
920 1086 1025 1162 magist
1025 1102 1071 1145 ra·

92 1173 174 1227 tuum
199 1171 266 1226 ante
293 1165 323 1226 id
348 1168 495 1244 tempus'
487 1185 518 1226 m
541 1166 675 1227 Numidia
696 1172 815 1228 nostrae
839 1185 949 1246 opesc
933 1173 1072 1227 contusae

89 1249 276 1327 hostiumque
298 1255 400 1309 auctae
421 1258 514 1309 erant

175 1332 226 1392 Set
245 1330 323 1392 ubi
315 1348 346 1390 m
366 1331 492 1392 lllricam
514 1334 608 1400 venit,
631 1334 775 1393 exercitus
794 1335 820 1393 ei
840 1334 964 1393 traditur
987 1352 1003 1393 a
1022 1334 1071 1411 Sp.
1081 1333 1121 1392 44

91 1414 196 1474 Albino
217 1432 273 1493 pro
301 1413 455 1474 consule
445 1432 526 1476 iners
552 1413 680 1484 inbellis,
708 1433 805 1493 neque
832 1415 956 1492 periculi
976 1434 1072 1494 noque
1152 1479 1154 1484 ,

57 1496 201 1559 solaberis
220 1499 348 1577 patiens,
370 1496 469 1576 lingua
488 1516 575 1576 quam
597 1515 685 1558 manu
704 1500 883 1575 promptior,
913 1499 1071 1577 praedator

92 1600 128 1642 ex
150 1583 236 1642 sociis
258 1589 286 1643 et
306 1583 369 1659 ipse
384 1582 493 1659 praeda
509 1581 652 1652 bostium,
671 1582 734 1642 sine
744 1583 870 1661 imperio
885 1588 913 1642 et
928 1581 1070 1642 modestia

90 1663 215 1725 habitus.
252 1666 296 1725 lta
309 1667 482 1742 imperatori
497 1683 573 1725 novo
585 1663 652 1742 plus
667 1685 703 1726 ex
718 1665 801 1726 malis
815 1665 948 1726 moribus
965 1665 1097 1725 sollici-2

92 1748 199 1807 tudinis
221 1764 309 1825 quam
324 1765 360 1806 ex
376 1750 459 1826 copia
473 1748 597 1808 militum
618 1750 706 1809 auxili
719 1755 770 1810 aut
790 1750 854 1829 spei
872 1749 968 1810 bonae
984 1749 1069 1808 adce-

92 1829 187 1889 debat.
230 1830 334 1890 Statuit
360 1836 457 1890 tamen
477 1829 623 1901 Metellus,
652 1850 828 1910 quamquam
850 1839 880 1892 et
893 1833 1095 1896 aestivorum3

58 1928 81 1970 u
92 1919 207 1991 tempus
219 1914 402 1973 comitiorum
414 1930 497 1973 mora
509 1915 686 1974 inminuerat
697 1922 725 1975 et
736 1917 936 1992 expectatione
952 1921 1071 1975 eventus

93 1996 198 2055 civium
219 1997 331 2056 animos
357 1997 482 2057 intentos
502 1995 637 2075 putabat,
665 2014 725 2056 non
744 1998 827 2075 prius
847 1995 958 2057 bellum
977 1996 1069 2055 adtin-

91 2094 162 2155 gere
184 2097 271 2157 quam
293 2082 438 2140 maiorum
459 2080 611 2158 disciplina
633 2079 738 2142 milites
759 2080 896 2141 laborare
917 2081 1068 2155 coegisset.

91 2161 165 2221 Nam
186 2161 320 2233 Albinus,
349 2162 414 2224 Auli
442 2165 540 2226 fratris
563 2165 766 2244 exercitusque
795 2164 877 2225 clade
901 2163 1094 2242 perculsus,4

90 2250 244 2322 postquam
266 2247 436 2307 decreverat
449 2267 508 2309 non
531 2248 631 2324 egredi
651 2249 816 2326 provincia,
838 2254 980 2325 quantum
997 2257 1068 2308 tem-

56 2327 172 2405 2sporis
187 2331 361 2389 aestivorum
378 2330 408 2389 in
419 2330 545 2410 imperio
558 2331 621 2399 luit,
639 2330 812 2408 plerumque
833 2330 938 2389 milites
960 2330 1069 2388 stativis

91 2411 194 2469 castris
213 2409 356 2480 habebat,
379 2414 435 2471 nisi
458 2430 524 2472 cum
547 2413 618 2472 odos
641 2420 690 2472 aut
710 2411 810 2489 pabuli
837 2417 950 2487 egestas
971 2411 1068 2470 locum

90 2499 205 2555 mutare
222 2493 387 2571 subegerat.
411 2495 462 2555 Set
488 2510 586 2570 neque
613 2493 837 2563 muniebantur,
867 2511 963 2573 neque
983 2503 1091 2555 moret

90 2574 208 2637 militari
218 2576 330 2655 vigiliae
348 2577 584 2639 deducebantur:
600 2579 642 2638 uti
654 2579 760 2655 cuique
773 2576 908 2647 lubebat,
926 2576 962 2638 ab
978 2579 1067 2655 signis

91 2659 208 2720 aberat:
226 2660 301 2722 lixae
314 2664 451 2740 permixti
465 2679 531 2724 cum
545 2659 684 2721 militibus
695 2661 745 2722 diu
760 2668 908 2739 noctuque
922 2660 1066 2736 vagaban-

54 2763 82 2806 so
90 2751 154 2803 tur:
177 2750 207 2805 et
220 2743 350 2821 palantes
369 2762 456 2822 agros
475 2751 597 2816 vastare,
618 2744 699 2805 villas
715 2760 893 2821 expugnare,
909 2745 1024 2821 pecoris
1039 2751 1068 2803 et

89 2827 303 2905 mancipiorum
324 2829 448 2906 praedas
470 2834 615 2889 certantes
637 2846 738 2908 agere,
762 2843 855 2908 eaque
868 2833 983 2887 mutare
998 2845 1066 2890 cum

89 2910 305 2972 mercatoribus
317 2914 384 2972 vino
404 2913 556 2973 advectitio
572 2918 600 2971 et
613 2910 676 2972 aliis
697 2911 814 2984 talibus,
838 2917 990 2989 praeterea
1005 2912 1067 2974 iru-

38 3018 43 3031 ·
89 3000 221 3055 mentum
242 2995 360 3072 publice
383 2995 482 3056 datum
505 2995 641 3063 vendere,
661 3013 769 3073 panem
790 2996 821 3054 in
842 2995 903 3055 dies
925 2998 1065 3055 mercari:

89 3081 240 3153 postremo
254 3095 446 3156 quaecunque
468 3078 524 3138 dici
539 3084 589 3137 aut
609 3078 679 3153 tingi
697 3083 809 3155 queurn
829 3079 960 3155 ignaviae
981 3077 1066 3137 luxu-

55 3161 210 3238 aeriaeque
229 3159 354 3238 probra,
376 3162 406 3221 in
426 3159 474 3220 illo
497 3161 627 3222 exercitu
648 3166 752 3220 cuncta
773 3160 856 3220 suere
879 3167 908 3220 et
928 3160 983 3221 alia
1005 3178 1066 3220 am·

89 3242 174 3320 plius.
219 3243 270 3304 Set
289 3246 319 3304 in
340 3263 374 3306 ea
396 3243 562 3304 difficultate
576 3241 722 3303 Metellum
744 3261 804 3304 non
818 3246 915 3304 minus
936 3263 1023 3323 quam
1036 3245 1115 3305 into

90 3325 180 3385 rebus
201 3326 354 3389 hostilibus
368 3344 506 3406 magnum
522 3331 550 3387 et
564 3327 724 3406 sapientem
744 3329 839 3388 virum
853 3327 943 3388 luisse
958 3346 1064 3406 conpe·
1112 3397 1114 3403 Ι

90 3409 166 3469 rior:
184 3416 263 3487 tanta
277 3413 468 3492 temperantia
490 3413 566 3472 inter
580 3409 765 3473 ambitionem
779 3411 985 3490 saevitiamque
1001 3430 1064 3472 mo·

141 3506 276 3560 Sartuusr.
896 3515 924 3565 ‘u
