2392 3848
254 204 296 243 os
317 203 491 246 oneremur-r
515 201 755 244 courvnnvrorvu
777 202 804 243 c.
826 193 893 246 ab
1044 188 1063 244 3

83 349 194 410 bonum
211 351 301 410 otium
317 357 479 420 conterere,
495 369 591 431 neque
605 370 676 412 vero
692 365 795 426 agrum
812 349 934 410 colundo
950 355 999 410 aut
1016 369 1049 411 ve

84 433 189 502 nando,
205 433 357 495 servilibus
369 433 480 503 ostiolis,
496 436 638 496 intentum
650 440 773 495 aetatem
789 449 893 509 agere,
910 441 954 494 set
969 452 985 493 a
1002 449 1088 512 quor

89 519 205 593 incepto
226 518 380 598 studioque
401 535 449 579 me
467 519 585 579 ambitio
606 519 681 578 mala
697 519 874 586 detinuerat,
898 517 1001 578 eodem
1016 536 1063 577 re·
1110 564 1116 572 .

33 612 38 619 ·
83 616 202 676 gressus
214 602 299 662 statui
311 619 360 662 res
375 609 471 677 gestas
486 603 587 680 populi
597 602 720 662 Romani
732 603 870 678 carptim,
888 607 919 661 ut
931 619 1064 680 quaeque

62 686 224 744 ememoria
236 684 322 760 digna
334 685 516 753 videbantur,
528 685 723 764 perscribere,
738 701 772 744 eo
784 686 885 760 magis,
900 686 978 763 quod
992 684 1064 743 milri

85 785 100 827 a
121 783 188 844 spe,
211 774 305 836 metu,
323 767 455 846 partibus
469 770 512 828 rei
526 768 661 846 publicae
683 771 797 828 animus
819 766 893 827 libor
915 775 986 827 erat.

168 849 259 924 Igitur
283 849 319 910 de
334 849 471 910 Catilinae
486 852 701 920 coniuratione,
726 866 813 929 quam
834 851 996 910 verissume
1010 868 1089 929 po-3

85 941 163 1001 tero,
185 933 286 1009 paucis
308 931 471 993 absolvam:
492 951 560 993 narn
583 935 612 994 id
634 934 745 995 lacinus
766 933 796 992 irr
811 934 913 1010 primis
928 950 982 1010 ego
998 953 1088 1004 me·4

85 1013 227 1076 morabile
243 1017 384 1076 existumo
399 1015 518 1081 sceleris
530 1024 616 1096 atque
630 1016 753 1095 periculi
764 1017 900 1076 novitate.
924 1017 965 1078 De
979 1021 1088 1089 cuius5

53 1114 75 1155 ro
85 1099 210 1159 hominis
225 1100 357 1160 moribus
371 1118 464 1179 pauca
475 1102 558 1179 prius
574 1101 754 1180 explananda
769 1107 837 1160 sunt
849 1118 935 1179 quam
950 1103 1063 1165 initium

85 1183 225 1243 narrandi
248 1183 360 1244 sociam.
789 1228 790 1231 ,

168 1267 275 1326 Lucius
297 1266 416 1327 Catilina
438 1266 529 1327 nobili
551 1284 659 1344 genere
677 1274 762 1328 natus
780 1267 847 1336 luit,
871 1285 976 1344 magna
992 1273 1019 1331 vi
1035 1276 1092 1334 etz'r

87 1351 174 1410 animi
187 1356 215 1410 et
227 1351 368 1427 corporis,
385 1356 430 1411 set
450 1352 567 1426 ingenio
582 1350 658 1411 malo
673 1368 830 1430 pravoque.
854 1352 929 1412 lluic
943 1353 979 1412 ab
992 1355 1089 1420 adu-2

85 1434 223 1494 lesceutia
244 1431 320 1493 bella
342 1434 492 1500 intestina,
514 1435 633 1503 caedeS,
656 1436 789 1512 rapinae,
813 1434 956 1494 discordia
975 1437 1064 1496 civilis

53 1534 76 1572 rs
87 1524 170 1594 grata
187 1515 285 1587 luere,
304 1516 402 1596 ibique
416 1519 595 1578 iuventutern
614 1535 697 1578 suam
715 1518 852 1577 exercuit.
885 1517 998 1594 Corpus
1013 1536 1089 1596 pa·3

88 1603 161 1661 tiens
172 1600 300 1670 inediae,
314 1600 437 1677 algoris,
452 1601 565 1677 vigiliae
577 1619 665 1680 supra
678 1619 764 1682 quam
777 1601 912 1678 cuiquam
924 1601 1064 1662 credibile

88 1690 140 1744 est.
163 1683 284 1744 Animus
299 1684 402 1754 audax,
415 1684 564 1754 subdolus,
578 1687 683 1753 varius,
700 1686 782 1745 cuius
795 1685 839 1744 rei
854 1682 936 1744 lubet
947 1685 1090 1748 simula-e

88 1776 134 1827 tor
156 1785 190 1826 ac
210 1766 420 1828 dissimulator:
442 1768 529 1828 alieni
550 1769 699 1846 adpetens,
720 1770 765 1829 sui
786 1767 934 1845 prolusus,
958 1769 1065 1828 ardens

88 1852 117 1910 in
135 1849 352 1926 cupiditatibus:
369 1852 437 1910 satis
453 1850 643 1930 eloquentiae,
660 1852 817 1929 sapientiae
831 1869 952 1928 parum:
967 1858 1065 1912 vastus

55 1952 79 1993 ro
89 1935 202 1994 animus
215 1933 405 2003 inmoderata,
422 1932 612 2002 incredibilia,
626 1936 711 1993 nimis
722 1933 778 1993 alta
789 1951 905 2010 semper
919 1934 1063 2010 cupiebat.

89 2018 173 2078 Hunc
190 2023 257 2094 post
273 2017 499 2078 dominationem
515 2017 586 2078 Luci
603 2016 699 2077 Sullae
714 2016 815 2077 lubido
835 2028 970 2076 maxuma
986 2018 1090 2079 iuva-6

89 2107 167 2161 serat
187 2102 231 2159 rei
252 2100 387 2178 publicae
411 2100 580 2179 capiundae,
603 2119 699 2180 neque
723 2101 752 2161 id
773 2099 879 2179 quibus
900 2099 994 2159 modis
1016 2101 1065 2160 ad-

89 2183 343 2262 sequerotrrr‚dum
359 2184 414 2244 sibi
428 2201 553 2261 reguum
565 2191 691 2261 pararet,
707 2185 862 2262 quiequam
876 2185 959 2260 pensi
975 2183 1064 2243 babe-

89 2267 147 2326 bat.
165 2265 335 2343 Agitabatur
349 2269 442 2343 magis
456 2269 606 2346 magisque
618 2269 646 2326 in
666 2267 727 2327 dies
745 2268 859 2326 animus
874 2266 955 2326 ferox
968 2268 1090 2344 inopia?

55 2369 78 2409 a
88 2351 132 2410 rei
148 2349 295 2409 familiaris
312 2358 340 2410 et
354 2352 528 2410 conscientia
545 2350 704 2418 scelerum,
727 2365 805 2426 quae
816 2357 941 2427 utraque
963 2352 1004 2408 eis
1019 2369 1065 2408 ar-

90 2432 167 2492 tibus
184 2438 319 2500 auxerat,
343 2449 415 2510 quas
436 2450 525 2510 supra
547 2434 714 2492 memoravi.
739 2431 1091 2507 lncitabantpraotereas

90 2516 226 2591 courrrpti
249 2515 369 2574 civitatis
390 2532 502 2583 mores,
522 2532 595 2593 quos
613 2532 747 2593 pessuma
765 2532 799 2573 ac
814 2514 928 2573 divorsa
942 2515 1019 2574 inter
1033 2532 1066 2574 so

90 2597 174 2666 mala,
198 2597 313 2658 luxuria
334 2604 420 2678 atque
440 2599 566 2667 avaritia,
590 2598 742 2658 vexabant.

173 2681 231 2742 lles
246 2684 309 2759 ipsa
322 2683 435 2742 hortavi
449 2682 579 2750 videtur,
597 2683 733 2760 quoniam
745 2682 781 2740 de
794 2679 928 2740 moribus
944 2683 1064 2741 civitatis
1076 2694 1093 2745 9

54 2786 79 2827 eo
89 2773 204 2843 tempus
224 2765 388 2835 admonuit,
410 2783 500 2844 supra
514 2773 649 2843 repetere
667 2783 702 2824 ac
718 2765 819 2842 paucis
833 2764 961 2824 instituta
975 2766 1066 2824 maio-

89 2866 157 2909 rum
180 2848 258 2909 domi
272 2848 456 2929 militiaeque,
480 2867 537 2928 quo
557 2848 644 2908 modo
659 2866 722 2907 rem
739 2845 886 2925 publicam
909 2846 1067 2908 habuerint

90 2939 286 3010 quantamque
308 2932 494 3012 reliquerint,
517 2940 550 2992 ut
565 2931 703 3010 paulatim
717 2933 858 2991 inmutata
879 2949 914 2991 err
928 2931 1066 3007 pulcher·

89 3033 174 3075 ruma
196 3023 283 3090 atque
309 3023 429 3092 optuma
450 3032 585 3093 pessuma
614 3033 648 3074 ao
670 3014 899 3090 flagitiosissuma
924 3013 998 3074 lacta
1020 3017 1065 3083 sit,

91 3099 243 3159 disserere.

57 3203 81 3244 oa
173 3181 285 3243 Urbem
309 3181 446 3251 Romam,
473 3183 557 3241 sicuti
579 3181 766 3259 egoaccepi,
798 3181 956 3242 condidere
979 3179 1096 3259 atquoss

91 3264 223 3327 habuere
238 3267 318 3327 initio
334 3265 462 3336 Troiani,
485 3266 533 3343 qui
548 3265 645 3325 Aenea
660 3264 735 3324 duce
749 3263 867 3342 profugi
884 3263 1002 3324 sedibus
1021 3266 1064 3323 irr-

92 3355 179 3409 certls
194 3349 383 3426 vagabantur,
402 3366 526 3427 cumque
545 3350 585 3408 eis
601 3348 783 3423 Aborigines,
807 3364 899 3423 genus
914 3347 1063 3407 hominum

93 3437 217 3507 agreste,
239 3434 301 3494 sine
316 3433 438 3510 legibus,
463 3434 524 3491 sine
539 3432 673 3510 imperio,
685 3431 810 3491 liberum
826 3437 912 3506 atque
927 3428 1072 3487 solutum.

888 3528 931 3581 *x*
