2392 3848
98 192 115 246 4
272 208 314 247 on
335 206 506 248 carminare
528 205 770 250 commumoni:
791 207 818 249 c.
835 199 861 253 6.
882 198 908 253 7.

75 353 136 412 atti
150 361 306 432 postquam
317 356 348 414 in
364 373 421 416 una
438 357 552 415 moenia
568 372 740 425 eornenere,
759 356 867 434 dispari
884 372 1001 432 genere,
1019 357 1077 417 dis·

99 435 185 495 simili
199 435 307 513 lingua,
329 437 376 498 alii
397 437 452 498 alio
471 456 553 499 more
567 439 704 508 virentes
726 438 896 500 incredibile
912 450 1076 500 memoratu

74 526 143 582 :test
164 538 251 598 quam
266 521 350 581 lacile
371 521 541 582 coaluerint.
576 522 627 582 Set
640 529 795 601 postquam
809 539 858 582 res
873 541 985 592 eorum,
1008 525 1076 583 ciri·

97 602 156 662 bns
165 604 297 664 moribus
309 606 387 680 agris
397 613 490 673 aucta,
504 608 572 665 satis
582 623 726 684 prospera
737 607 864 684 satisque
875 605 988 685 pollens
998 607 1076 668 ride-

97 685 196 757 batur,
217 688 301 748 sicuti
315 688 455 769 pleraque
474 688 640 749 mortalium
655 689 810 757 habentur,
832 690 936 749 invidia
952 709 987 749 er
1003 707 1099 768 opu-s

72 769 187 830 aientia
202 779 266 834 orta
286 780 338 833 est.
370 774 461 849 Igitur
475 789 561 849 reges
575 771 736 852 populique
752 773 875 832 finitumi
896 772 972 833 bello
984 779 1077 850 temp·

98 859 171 923 tare,
188 859 276 932 pauci
289 875 325 916 ex
335 857 435 916 amicis
447 855 553 916 auxilio
566 874 646 917 esse:
667 874 736 916 nam
752 858 843 916 ceteri
854 862 935 916 metu
949 856 1077 933 perculsi

73 938 267 1014 eapericulis
280 939 412 998 aberant.
428 940 465 997 At
474 938 597 998 Romani
609 939 687 997 domi
699 938 875 1016 militiaeque
886 941 988 999 intenti
999 938 1077 998 lesti-

99 1037 181 1088 nare,
194 1038 308 1097 parare,
326 1020 400 1080 alius
410 1019 500 1079 alium
510 1021 631 1088 hortari,
649 1019 781 1080 hostibus
793 1020 907 1079 obviam
919 1021 971 1089 ire,
986 1019 1076 1080 liber·

100 1109 189 1163 tatem
200 1105 324 1180 patriam
339 1104 527 1181 parentisque
541 1104 630 1162 armis
644 1109 754 1178 tegere.
787 1102 866 1171 Post,
882 1101 933 1163 ubi
946 1103 1113 1180 periculam

100 1185 208 1246 virtute
228 1185 436 1264 propulerant,
458 1187 545 1245 sociis
560 1193 647 1264 atque
670 1186 770 1245 amicis
784 1185 889 1246 auxilia
910 1185 1076 1264 portabant,

101 1270 251 1348 magisque
271 1269 373 1329 dandis
395 1287 483 1347 quam
503 1269 680 1347 accipiundis
700 1267 841 1329 benificiis
863 1270 1002 1330 amicitias
1025 1289 1076 1348 pa·

101 1352 214 1412 rabant

75 1442 92 1494 c
176 1437 334 1514 Imperium
351 1435 533 1512 legitumum,
550 1453 658 1496 nomen
670 1437 776 1516 imperi
786 1438 899 1512 regium
919 1434 1074 1495 habebant.

97 1521 219 1595 DelectI,
237 1519 343 1598 quibus
360 1537 468 1597 corpus
486 1521 570 1580 annis
584 1520 746 1587 inlirmum,
769 1519 918 1594 ingenium
936 1522 1076 1597 sapientia
1087 1545 1112 1583 rs

99 1602 226 1664 validum
248 1611 324 1671 erat,
348 1602 547 1679 reipublicae
569 1600 787 1662 consultabant:
810 1603 837 1661 ei
854 1601 899 1661 vel
921 1609 1015 1663 aetate
1033 1602 1078 1663 rel

77 1691 192 1747 scurae
206 1684 391 1746 similitudine
404 1693 503 1762 patres
524 1684 754 1763 adpellabantur.
796 1684 876 1754 Post,
897 1685 949 1745 ubi
963 1687 1078 1761 regium

99 1769 344 1846 imperiumquod
353 1769 433 1829 initio
446 1768 662 1829 conservandae
673 1767 815 1828 libertatis
827 1775 914 1847 atque
926 1769 1078 1845 augendae

100 1851 144 1911 rei
159 1850 293 1928 publicae
307 1851 418 1920 fuerat,
435 1853 464 1911 in
479 1850 646 1929 superbiam
662 1851 948 1932 dominationemque
961 1870 993 1913 se
1009 1871 1078 1914 con·

102 1936 198 2004 vortit,
220 1936 361 1995 inmutato
383 1953 466 1995 more
487 1953 583 2014 annua
598 1937 722 2013 imperia
732 1935 876 2014 binosque
891 1938 1115 2013 imperatoresac

101 2017 156 2079 sibi
171 2019 284 2079 secere:
309 2036 344 2078 eo
358 2020 446 2079 modo
462 2023 592 2078 mimnne
606 2037 693 2097 posse
710 2018 853 2094 putabant
866 2036 920 2096 per
935 2019 1079 2078 licentiam

72 2101 279 2163 7insolescere
294 2103 423 2160 animum
443 2101 613 2161 lmmanmn.
648 2100 699 2160 Set
716 2119 750 2161 ea
767 2107 937 2178 tempestate
955 2118 1080 2178 coepere

101 2203 134 2244 se
157 2186 279 2262 quisque
295 2184 387 2259 magis
402 2183 541 2242 extollere
556 2184 707 2262 magisque
723 2185 873 2260 ingenium
893 2186 923 2243 in
941 2191 1080 2261 promptu

80 2267 224 2327 citabere.
262 2267 335 2326 Nam
356 2265 476 2342 regibus
495 2264 565 2325 beni
588 2285 675 2344 quarn
696 2266 765 2326 mali
786 2268 981 2344 suspectiores
999 2275 1075 2334 sunt,

77 2361 276 2428 asemperque
291 2351 333 2411 eis
344 2347 437 2410 aliena
452 2351 542 2409 virtus
557 2349 747 2410 formidulosa
763 2358 815 2411 est
846 2349 898 2410 Set
914 2350 1012 2410 civitas
1030 2351 1073 2409 in·
1083 2372 1108 2410 25

103 2433 242 2496 credibile
258 2441 422 2494 memoratu
440 2441 484 2494 est
498 2433 601 2511 adepta
612 2433 745 2495 libertate
759 2440 900 2512 quantum
919 2432 1002 2493 breri
1016 2450 1080 2492 cre·

77 2519 192 2580 suerit:
203 2525 283 2577 tanta
295 2517 400 2594 cupido
412 2517 523 2594 gloriae
537 2519 702 2579 incesserat.
723 2519 784 2578 lam
796 2519 924 2594 primum
936 2518 1079 2582 iuventus,

103 2600 189 2660 simul
205 2618 239 2659 ac
251 2598 318 2659 belli
334 2601 448 2678 patiens
462 2609 538 2670 erat,
557 2604 585 2660 in
602 2602 703 2659 castris
719 2617 773 2672 per
788 2599 920 2658 laborem
937 2615 992 2657 usu
1006 2598 1081 2657 mili-

104 2686 174 2743 tiam
186 2682 324 2751 discebat,
339 2685 490 2763 magisque
501 2686 529 2742 iu
543 2683 655 2740 decoris
668 2679 757 2740 armis
769 2686 797 2739 et
807 2679 981 2741 militaribus
999 2682 1081 2759 equis

80 2775 196 2846 equam
210 2768 241 2826 in
256 2769 362 2828 scortis
376 2775 462 2844 atque
481 2764 616 2822 conviviis
633 2761 794 2822 lubidinem
804 2762 961 2824 habebant.
990 2764 1082 2841 lgitur
1092 2790 1118 2831 ao

104 2850 210 2910 talibus
230 2853 299 2912 viris
320 2867 379 2909 non
396 2847 480 2907 labor
494 2846 638 2915 insolitus,
661 2864 722 2906 non
742 2845 826 2905 locus
840 2846 917 2907 ullus
932 2865 1018 2925 asper
1034 2857 1084 2908 aut

106 2933 217 2993 arduus
233 2944 308 2999 erat,
328 2948 387 2989 non
399 2939 528 2989 armatus
539 2929 630 2989 hostis
642 2929 864 2989 formidolosus:
880 2932 973 2990 virtus
987 2934 1083 2991 omnia

80 3017 268 3078 edomuerat.
292 3015 342 3074 Set
351 3012 461 3089 gloriae
478 3031 646 3073 maxumum
660 3019 807 3073 certamen
823 3014 900 3073 inter
914 3014 993 3092 ipses
1006 3022 1083 3075 erat:

107 3120 138 3162 se
154 3101 277 3179 quisque
291 3097 407 3157 bostem
422 3097 519 3166 lerire,
535 3115 653 3156 murum
665 3096 853 3168 adscendere,
871 3098 1085 3176 conspici,dum

54 3215 57 3220 ·
106 3185 163 3246 tale
178 3182 290 3242 lacinus
304 3181 422 3250 faceret,
439 3180 629 3258 properabat:
646 3199 696 3242 eas
707 3181 827 3251 divitias,
841 3199 906 3242 eam
920 3180 1029 3240 bonam
1041 3181 1083 3240 fa·
1093 3205 1118 3245 aa

107 3286 186 3327 mam
208 3281 403 3343 magnamque
425 3263 603 3324 nobilitatem
624 3265 775 3343 putabant.
792 3264 898 3325 Laudis
921 3262 1011 3332 avidi,
1034 3281 1085 3341 pe·

28 3382 31 3387 >
109 3352 212 3411 cuniae
224 3348 361 3409 liberales
376 3355 475 3408 erant:
497 3347 619 3423 gloriam
636 3349 798 3424 ingentem,
823 3347 934 3407 divitias
947 3344 1086 3407 honestas

87 3433 257 3493 trolebant.
292 3431 455 3492 Memorare
470 3447 586 3508 possem
601 3430 706 3508 quibus
721 3432 750 3490 in
767 3431 839 3490 locis
860 3446 1011 3490 maxnmas
1032 3429 1086 3490 ho-
