2392 3848
147 184 186 242 92
321 201 362 241 nn
384 199 487 241 annuo
512 199 711 242 ruovusnauo
737 197 763 239 c.
780 188 823 243 at.
842 187 886 243 88.
909 189 951 243 89.

94 345 134 408 87
230 347 281 408 Set
297 349 399 410 consul
418 347 539 426 expletis
549 347 713 426 legionibus
728 346 953 426 cohortibusque
968 344 1125 406 auxiliariis

144 433 174 491 in
195 448 300 510 agrurn
319 432 444 494 fertilem
466 438 495 492 et
515 432 625 509 praeda
645 439 780 492 onustunr
800 431 1004 509 proficiscitur,
1028 432 1123 491 omnia

144 515 183 575 ibi
204 522 287 594 capta
302 516 441 577 militibus
462 515 565 584 donat,
586 514 652 576 dein
677 513 794 575 castella
813 522 842 576 et
859 514 965 594 oppida
980 522 1083 575 natura
1096 521 1124 575 et

144 600 211 660 viris
227 618 331 677 parum
354 601 465 661 munita
487 599 665 677 adgreditur,
688 598 799 677 proelia
815 597 915 668 multa,
939 604 1068 660 ceterum
1081 597 1123 657 le·

118 684 196 752 avia,
209 683 264 743 alia
274 683 335 744 aliis
349 684 422 744 locis
432 682 539 744 tacere.
554 683 675 743 Interim
689 684 756 744 novi
768 683 873 743 milites
884 684 947 743 sine
958 688 1037 753 metu
1049 699 1144 760 puga

142 784 198 827 uae
218 767 334 828 adesse:
362 767 462 828 videre
482 766 619 844 fugientis
640 767 704 844 oapi
718 773 768 827 aut
790 767 897 835 occidi,
924 766 1124 827 fortissumum

143 869 289 929 quemque
300 853 497 928 tutissumum‚
516 852 604 911 annis
617 849 791 919 libertatem,
804 852 929 929 patriam
937 850 1124 928 parentisque

115 939 171 993 tet
192 933 247 995 alia
270 936 366 995 omnia
380 936 453 1011 tegi,
474 933 596 1012 gloriam
612 942 698 1013 atque
714 932 824 994 divitias
840 934 948 1013 quaeri.
978 932 1025 992 Sic
1042 932 1124 992 brevi

141 1019 233 1094 spatio
241 1017 626 1096 noviveteresquecoalucre
634 1019 759 1078 etuirtus
768 1016 1122 1096 omniumaequaltsfacta.

114 1113 131 1158 4
224 1102 261 1160 At
283 1119 382 1179 reges,
404 1100 455 1161 ubi
476 1102 512 1162 de
534 1101 659 1161 adventu
673 1101 745 1161 Mari
768 1117 944 1178 cognovere,
967 1099 1074 1160 divorsi
1092 1100 1157 1158 iun

140 1182 221 1243 locos
235 1184 358 1244 difficilis
372 1184 489 1245 abeunt.
512 1185 555 1244 lta
566 1183 724 1261 Iugurthae
738 1184 897 1263 placuerat,
911 1184 1041 1261 speranti
1053 1200 1123 1242 mox

140 1267 248 1326 effusos
262 1267 354 1328 bostis
368 1268 465 1328 invadi
480 1285 581 1345 posse:
605 1266 768 1337 Romanos,
791 1268 875 1328 sicuti
889 1265 1058 1345 plerosque,
1075 1283 1122 1326 re·

140 1357 219 1410 moto
246 1357 326 1412 metu
350 1350 443 1412 laxius
467 1351 659 1430 licentiusque
685 1352 808 1413 futuros.

89 1429 128 1492 88
224 1433 357 1496 bletellus
376 1437 487 1496 interea
503 1435 626 1496 Romam
641 1434 790 1512 proiectus
813 1441 914 1495 contra
936 1451 1019 1511 spem
1039 1451 1122 1494 suam

137 1517 312 1579 laetissumis
333 1519 437 1578 animis
458 1519 614 1596 accipitur,
638 1516 717 1594 plebi
737 1517 944 1595 patribusque,
967 1525 1123 1596 postquam
1134 1535 1156 1576 u

139 1603 243 1663 invidia
265 1601 424 1670 aleceserat,
444 1603 522 1662 iuxta
542 1619 637 1661 carus.

113 1691 128 1739 a
223 1685 273 1746 Set
291 1684 400 1745 lilarins
422 1686 537 1761 inpigre
557 1683 777 1763 prudenterque
800 1701 922 1745 suorum
945 1692 974 1744 et
995 1685 1122 1746 hostium

138 1784 186 1827 res
208 1768 318 1844 pariter
339 1767 511 1836 adtendere,
536 1783 715 1843 cognoscere
737 1768 805 1846 quid
827 1767 899 1828 boni
919 1770 1052 1855 utriscpre
1073 1775 1123 1829 aut

142 1857 244 1910 contra
266 1858 352 1919 esset,
375 1849 529 1928 explorare
550 1852 654 1913 itinera
669 1869 788 1929 regunt,
814 1851 931 1912 consilia
955 1861 984 1912 et
1004 1853 1122 1912 insidias

139 1951 242 1995 eorum
269 1935 452 2002 antevenire,
476 1933 547 1994 nihil
574 1935 652 2014 apud
677 1953 709 1996 se
736 1936 890 1996 remissum
920 1953 1016 2015 neque
1044 1936 1121 2014 apud
1131 1955 1157 1994 aa

110 2015 201 2077 tillos
221 2024 316 2079 tutum
331 2019 399 2096 pati.
433 2019 533 2096 ltaque
552 2025 581 2080 et
597 2019 734 2081 Gaetulos
754 2026 782 2079 et
797 2019 968 2095 Iugurtham
983 2037 1018 2079 ex
1034 2020 1120 2078 sociis

136 2104 244 2162 nostris
265 2101 389 2180 praedas
405 2103 517 2178 agentis
536 2120 624 2179 saepe
646 2102 802 2179 adgressus
819 2104 848 2163 in
870 2103 974 2164 itinere
997 2102 1120 2172 fuderat,

137 2183 291 2262 ipsumque
305 2200 407 2260 regem
421 2183 493 2244 baut
506 2185 610 2262 procul
626 2185 662 2245 ab
674 2187 781 2263 oppido
797 2185 873 2246 Cirta
887 2186 975 2245 armis
991 2195 1120 2248 exuerat.

112 2263 219 2334 ‹tQuae
241 2273 395 2347 postquam
417 2266 542 2346 gloriosa
561 2269 649 2329 modo
665 2286 760 2348 neque
778 2268 847 2330 belli
860 2271 996 2347 patrandi
1012 2287 1120 2348 cogno-

136 2350 185 2419 vit,
208 2352 308 2412 statuit
329 2349 425 2420 urbis,
452 2369 529 2430 quae
548 2353 617 2413 ciris
639 2360 688 2414 aut
706 2353 771 2414 loco
788 2371 843 2431 pro
865 2353 998 2416 hostibus
1021 2361 1049 2415 et
1070 2354 1154 2414 ad-ao

135 2450 255 2495 vorsum
266 2453 299 2497 se
311 2436 584 2513 opportunissumae
609 2443 707 2506 eraut,
737 2436 866 2514 singulas
893 2439 1119 2500 circumvenire:

135 2520 173 2578 ita
189 2517 362 2595 Iugurtham
376 2527 426 2579 aut
446 2521 598 2596 praesidiis
619 2520 771 2597 nudatum,
790 2522 815 2580 si
835 2539 869 2580 ea
889 2528 1056 2598 pateretur,
1072 2528 1122 2582 aut

110 2599 248 2678 aproelio
271 2607 461 2661 certaturum.
504 2601 577 2662 Nam
598 2602 733 2664 Bocchus
753 2604 871 2663 nuutios
891 2604 929 2666 ad
952 2623 1019 2664 euru
1033 2621 1121 2681 saepe

134 2684 269 2754 miserat,
291 2681 364 2745 velle
379 2683 480 2762 populi
495 2683 620 2745 Romani
635 2687 802 2746 amicitiam:
824 2688 947 2766 nequid
966 2688 1003 2747 ab
1019 2706 1051 2749 se
1067 2688 1120 2748 ho·

107 2766 198 2828 ostile
211 2769 337 2829 timeret.
371 2767 404 2828 ld
422 2768 639 2830 simulaveritne
659 2788 717 2849 quo
730 2771 895 2846 inprovisus
911 2773 1027 2848 gravior
1044 2774 1120 2832 acci·
1130 2788 1155 2829 ar

133 2848 225 2918 deret,
246 2869 284 2910 an
299 2850 459 2911 mobilitate
474 2853 572 2928 ingeni
586 2871 689 2929 pacem
706 2861 793 2930 atque
810 2852 921 2913 bellum
936 2861 1051 2915 mutare
1073 2872 1119 2914 so-

82 2931 215 3000 solitus,
245 2948 351 3008 parum
377 2931 561 3010 exploratum
582 2943 633 2994 est.
683 2935 733 2994 Set
754 2933 871 3004 consul,
897 2937 940 2997 uti
968 2944 1118 3007 statuerat,

134 3016 241 3093 oppida
261 3013 438 3094 castellaque
453 3018 564 3077 munita
583 3017 679 3087 adire,
701 3019 807 3097 partim
830 3021 857 3081 ri
896 3020 951 3084 alia
967 3030 1047 3084 metu
1069 3030 1120 3083 aut

108 3101 263 3175 apraemia
280 3099 452 3161 ostentando
468 3107 601 3163 avortere
616 3102 652 3164 ab
668 3097 810 3165 hostibus.
840 3106 882 3165 Ac
897 3108 992 3185 primo
1006 3106 1117 3166 medio-

132 3184 192 3244 cria
219 3183 357 3260 gerebat,
387 3186 564 3246 existumans
586 3187 757 3264 lugurtbam
786 3189 824 3248 ob
842 3207 912 3251 suos
934 3189 1068 3250 tutandos
1087 3190 1151 3248 inaa
1189 3188 1194 3195 “

106 3275 235 3328 omanus
252 3275 416 3329 venturum.
455 3269 506 3329 Set
520 3269 571 3330 ubi
587 3269 669 3332 illum
690 3271 797 3350 procul
818 3271 922 3334 abesse
941 3281 969 3333 et
987 3271 1050 3332 aliis
1064 3290 1117 3334 ne·

131 3352 218 3426 gotiis
240 3355 382 3414 intentum
410 3353 534 3430 accepit,
560 3356 671 3415 maiora
698 3362 726 3415 et
751 3357 844 3434 magis
871 3373 974 3433 aspera
996 3355 1116 3435 adgredi

127 3439 246 3510 tempus
268 3437 359 3496 cisum
382 3444 433 3498 est.
