2392 3848
173 204 231 265 102
360 221 401 260 on
421 219 525 262 annno
547 217 747 261 1111111111
772 216 801 259 o.
823 207 960 262 102103.

169 378 199 429 te
219 369 354 445 experiri,
377 384 466 435 nunc,
487 365 604 446 quando
624 383 678 443 per
699 365 777 425 illam
790 364 867 433 lieet,
883 365 986 425 festina
1002 372 1089 443 atque
1106 368 1148 427 uli

76 454 84 483 ¹·
129 469 162 521 10
173 451 292 528 coepisti
308 468 408 530 perge.
441 448 531 510 llulta
551 457 638 530 atque
660 455 824 528 opportuna
838 447 939 518 habes,
963 465 1021 526 que
1036 448 1148 511 facilius

128 554 158 605 11
170 541 266 596 errata
287 535 389 594 officiis
410 551 541 611 superes.
580 532 732 592 Postremo
751 532 809 592 heo
829 533 860 591 11
878 539 980 610 pectus
1000 539 1083 591 tuum
1099 532 1148 592 de-

168 621 259 686 mitte,
278 636 438 696 numquam
456 616 596 694 populum
611 614 777 676 Romanum
790 615 931 676 benificiis
945 616 1052 674 victum
1069 633 1147 677 esse:

168 719 237 761 nam
259 700 336 761 bello
359 700 428 777 quid
448 698 543 760 valeat
561 705 623 759 tute
644 697 718 758 scis?
1154 719 1167 759 1

130 799 159 847 12
253 784 296 844 le
321 803 355 844 ea
376 783 510 844 Bocchus
536 782 648 861 placide
671 789 700 842 et
715 781 851 860 benigne,
873 781 960 842 simul
979 799 1073 858 pauca
1093 799 1149 859 pro

170 867 344 929 deliciosae
367 866 456 928 verba
479 867 562 927 lacit:
582 884 614 926 se
634 883 694 926 non
715 865 814 925 hostili
834 868 939 934 11111111,
962 873 1006 924 111
1024 881 1150 941 regnum

127 959 312 1019 13tutantem
334 969 415 1011 arma
429 951 555 1027 cepisse:
573 967 642 1009 nam
658 948 811 1010 Numidiae
825 958 948 1028 partem,
966 947 1043 1008 unde
1060 951 1089 1009 vi
1101 948 1149 1009 lu·

169 1033 306 1110 gurtham
322 1034 474 1111 expulerit,
497 1035 561 1093 iure
582 1031 652 1093 belli
673 1049 755 1092 suam
778 1032 898 1093 laetam:
921 1049 984 1092 eam
1005 1033 1111 1092 vastari
1132 1051 1149 1091 1

129 1129 160 1178 lt
171 1117 261 1177 llario
276 1119 336 1195 pati
349 1117 533 1195 nequivisse:
555 1123 707 1194 praeterea
721 1116 816 1175 missis
831 1122 916 1176 antea
930 1114 1052 1175 Romam
1069 1113 1148 1190 lega·
1158 1135 1184 1175 n

170 1202 206 1260 tis
219 1200 370 1277 repulsum
388 1198 424 1259 ab
441 1200 579 1260 amicitia:
604 1207 734 1259 ceterum
748 1205 847 1260 vetera
862 1201 1005 1268 omittere,
1027 1216 1062 1258 ac
1074 1204 1147 1269 tum,

129 1285 194 1346 1511
208 1301 263 1359 per
278 1282 402 1344 Marium
414 1281 530 1351 liceret,
551 1281 662 1358 legatos
677 1282 713 1341 ad
728 1290 861 1344 senatum
878 1283 1045 1342 missurum.
1075 1280 1148 1341 llein

170 1367 254 1444 eopia
267 1367 343 1426 facta
358 1367 472 1426 animus
487 1364 607 1425 barbari
623 1364 660 1425 ab
679 1365 780 1425 amicis
792 1365 894 1435 flexus,
918 1383 991 1443 quos
1006 1364 1147 1441 Iugurtha

171 1451 285 1528 cognita
307 1449 453 1525 legatione
476 1447 572 1508 Sullae
591 1454 620 1507 et
640 1446 736 1516 Manli,
759 1456 892 1509 metuens
911 1449 940 1509 id
962 1448 1040 1526 quod
1061 1465 1147 1525 para·

168 1530 271 1601 batur,
293 1531 376 1592 denis
392 1537 577 1609 conruperat
1158 1550 1183 1591 1

122 1617 178 1678 103
253 1614 362 1674 Μ11111
380 1616 492 1675 1111111
508 1615 636 1675 exercitu
656 1615 686 1672 in
702 1612 898 1674 hibernaculis
913 1615 1064 1691 conposito
1079 1632 1149 1675 cum

170 1698 311 1774 expeditis
333 1696 503 1757 cohortibus
522 1705 551 1757 et
563 1702 646 1774 perte
665 1697 810 1774 equitatus
825 1695 1019 1774 proficiscitur
1039 1699 1069 1757 in
1084 1695 1148 1758 loca

169 1778 229 1839 sola
245 1779 398 1840 obsessum
414 1782 520 1839 turrim
531 1782 657 1856 regiam,
674 1798 731 1857 quo
745 1778 886 1856 Iugurtha
900 1779 1039 1856 perfugas
1053 1781 1149 1840 omnis

168 1863 344 1942 praesidium
358 1865 535 1942 inposuerat.

136 1960 152 2008 2
248 1949 325 2009 Tum
347 1966 452 2009 rursus
474 1948 623 2016 bocchus,
646 1965 698 2008 seu
719 1948 883 2027 reputando
905 1967 979 2027 quae
1001 1948 1062 2009 sibi<
1080 1949 1189 2010 duo-ae

165 2032 221 2093 bus
243 2031 363 2110 proeliis
384 2041 541 2101 venerant,
566 2049 618 2092 seu
634 2030 799 2093 admonitus
814 2032 851 2093 ab
866 2031 930 2092 aliis
945 2033 1055 2101 amicis
1079 2049 1154 2110 ques

164 2118 358 2194 incorruptos
380 2115 518 2193 iugurtha
546 2113 715 2191 reliquerat,
733 2134 768 2174 ex
795 2116 876 2175 omni
904 2116 987 2194 copia
1015 2133 1152 2178 necessa-

163 2200 276 2258 riorum
299 2200 430 2277 quinque
452 2197 568 2273 delegit,
592 2214 718 2275 quorum
740 2207 770 2258 et
790 2198 864 2258 fides
879 2201 995 2276 cognita
1018 2208 1048 2260 11
1068 2201 1152 2278 inge·

137 2283 211 2348 ania
233 2280 419 2342 validissuma
442 2289 540 2342 erant:
563 2299 615 2342 eos
637 2282 674 2343 ad
696 2282 818 2343 Marium
840 2300 876 2343 ac
898 2282 1018 2354 deinde,
1042 2285 1067 2343 si
1088 2283 1152 2363 pla·

164 2373 242 2434 1111,
266 2365 389 2426 Romam
403 2365 517 2444 legates
538 2368 584 2426 ire
600 2365 696 2426 iubet:
720 2366 903 2443 agundarum
917 2385 1018 2427 rerum
1034 2373 1064 2427 et
1078 2385 1188 2446 quo-eo

164 2465 291 2526 cumque
313 2448 400 2509 modo
423 2447 493 2510 belli
508 2448 695 2528 conponendi
714 2448 864 2510 licentiam
889 2448 975 2530 [illis]
998 2452 1152 2529 permittit.

40 2590 44 2597 ,
136 2530 209 2596 allii
231 2538 347 2593 mature
369 2531 405 2591 ad
428 2533 553 2594 hiberna
567 2533 767 2594 llomanorum
783 2534 1021 2612 proficiscuntur,
1045 2533 1153 2595 deinde

161 2616 193 2674 in
214 2615 322 2674 itinere
344 2633 361 2675 a
375 2615 504 2677 Gaetulis
520 2616 683 2678 latronibus
697 2618 890 2678 circumventi
910 2616 1085 2695 spoliatique
1099 2635 1151 2696 pa·

162 2698 221 2759 vidi
235 2700 299 2758 sine
315 2697 421 2760 decore
437 2699 474 2760 ad
489 2700 600 2763 Sullam
615 2701 796 2778 perfugiunt,
820 2717 907 2777 quem
923 2699 1026 2762 consul
1047 2703 1078 2760 in
1101 2719 1152 2762 ex·

136 2782 343 2861 spediuonem
364 2785 556 2863 proficiscens
577 2790 786 2863 propraetore
808 2781 977 2864 reliquerat
1022 2784 1081 2847 Eos
1101 2783 1188 2847 illem

161 2884 222 2925 non
244 2875 299 2942 pro
320 2869 401 2925 vanis
423 2867 569 2935 hostibus,
591 2870 636 2927 uti
657 2867 754 2927 meriti
774 2875 866 2935 erant,
890 2876 936 2927 set
957 2865 1095 2927 adcurate
1117 2885 1153 2929 ac

160 2945 321 3009 liberaliter
343 2947 458 3013 habuit:
482 2966 540 3029 qua
561 2966 595 3008 re
617 2947 737 3008 barbari
758 2954 787 3008 et
807 2948 918 3008 lamam
940 2949 1076 3010 avaritiae
1091 2948 1152 3010 llo·
1172 2968 1192 3067 q

160 3049 317 3093 manorum
328 3031 433 3095 falsam
447 3029 1152 3095 11811111111111111111111111111111111111111]
1165 3070 1174 3107 f

135 3117 225 3176 61111.
270 3114 346 3178 Nam
367 3118 518 3178 etiamtum
539 3112 654 3193 largitio
676 3113 775 3178 multis
796 3117 931 3194 ignorata
953 3125 1029 3178 erat:
1053 3119 1151 3178 muni-

159 3199 233 3260 ticus
249 3217 337 3260 nemo
348 3197 514 3277 putabatur,
530 3200 588 3259 nisi
600 3201 710 3278 pariter
720 3199 830 3268 volens,
846 3199 924 3261 dona
938 3200 1036 3261 omnia
1050 3201 1081 3258 in
1096 3198 1149 3259 be·
1159 3222 1186 3264 11

134 3283 303 3360 qnignitate
318 3281 513 3345 habebantur.
550 3283 643 3361 Igitur
658 3286 807 3361 quaestori
821 3282 958 3345 mandata
973 3282 1150 3360 1111111111-

161 3368 315 3428 telaoiunt:
339 3363 424 3427 simul
446 3366 484 3429 ab
506 3386 542 3429 eo
556 3375 676 3445 petunt,
699 3371 743 3430 uti
758 3370 854 3430 lautor
869 3364 1079 3447 consultorque
1093 3366 1151 3427 sibi

149 3449 249 3508 adsit:
272 3453 375 3526 copias
395 3451 485 3514 tidem
507 3452 738 3531 magnitudinem
760 3453 839 3528 regis
860 3452 907 3511 sui
929 3458 957 3510 et
979 3449 1048 3522 alia,
1075 3467 1151 3527 quae
