2392 3848
371 204 410 244 ux
432 200 596 244 1110101110
619 201 814 242 excussura.
1026 182 1083 243 113

111 353 215 429 cuique
235 348 318 410 reddi
342 357 370 411 et
393 348 485 409 aliena
501 356 588 417 tenet,
611 349 680 410 belli
701 350 764 408 iura
785 350 912 410 rescindi
935 350 1083 426 cumipse
1115 365 1119 372 ’

110 435 199 494 armis
220 438 313 508 cogat,
333 433 474 492 civitatem
496 434 663 493 confirmari
685 430 789 510 quibus
809 432 973 511 ademptam
987 440 1082 509 negat,

111 515 283 576 concordiae
303 517 394 592 gratia
414 515 510 595 plebei
525 515 708 576 tribuniciam
727 522 899 592 potestatem
916 517 1026 576 restitui
1048 534 1084 575 011

111 617 168 676 qua
190 616 291 659 omnes
312 598 473 660 discordiae
495 599 646 660 adcensae.
683 599 822 658 Possume
847 600 976 659 omnium
997 604 1084 676 atque
1101 608 1134 660 11

87 682 367 759 cinpudentissume,
387 681 478 742 tibine
491 689 604 759 egestas
621 683 725 741 citium
747 689 775 739 et
793 680 888 743 luctus
903 700 991 743 curae
1005 683 1086 741 sunt‘l

110 767 156 824 eni
180 763 251 823 nibil
276 771 319 823 est
336 763 414 823 domi
435 766 490 825 nisi
511 766 599 824 armis
624 770 742 841 partum
775 769 824 823 aut
850 783 904 842 per
929 766 1077 826 iniuriam,

108 846 240 906 Alterum
265 846 446 907 consulatum
466 848 540 925 petis
563 849 645 925 quasi
664 847 792 923 primum
813 847 984 917 reddideris,
1006 848 1083 908 bollo

110 928 297 991 concordiam
320 931 436 1007 quaeris
458 949 516 1008 quo
534 937 616 1007 parta
629 928 816 997 disturbatur,
838 933 930 990 nostri
941 931 1081 1008 proditor,

108 1013 170 1072 istis
183 1011 298 1082 infidus,
320 1012 411 1073 bostis
433 1015 561 1074 omnium
582 1013 737 1073 bonorum.
769 1013 807 1074 Ut
826 1020 855 1073 te
877 1032 972 1092 neque
990 1013 1083 1073 homi·

73 1113 179 1156 nonum
199 1114 295 1174 neque
318 1097 440 1157 deorum
461 1097 564 1175 pudet,
595 1113 668 1174 qaros
693 1113 748 1172 per
772 1096 858 1156 11110111
887 1105 936 1156 aut
955 1097 1084 1176 periurio

107 1178 231 1238 violasti!
254 1180 309 1250 Qui
328 1180 444 1258 quando
466 1179 531 1238 talis
552 1199 597 1248 os,
618 1195 737 1239 maneas
754 1180 785 1238 in
803 1181 944 1240 sententia
963 1187 992 1240 ot
1014 1180 1083 1239 reti·
1103 1185 1135 1236 lo

107 1279 177 1321 neas
196 1279 276 1320 arma
291 1269 320 1320 10
340 1263 453 1330 hortor,
471 1279 530 1320 neu
548 1261 726 1338 prolatandis
745 1261 949 1333 seditionibus,
972 1265 1085 1342 inquies

107 1344 180 1418 ipse,
202 1360 258 1404 nos
277 1345 308 1402 in
329 1343 520 1404 sollicitudine
548 1344 685 1403 adtineas.
734 1343 835 1421 Neque
860 1353 889 1405 10
910 1347 1084 1421 provinciae,

108 1443 203 1502 neque
229 1426 324 1502 leges,
351 1444 447 1503 neque
469 1427 516 1486 dei
538 1433 657 1503 penates
679 1427 769 1485 civem
790 1428 948 1502 patiuntur.
991 1427 1085 1504 Perge

75 1523 99 1561 1⁵
109 1525 165 1584 qna
185 1516 317 1587 coeptas,
343 1515 375 1570 ut
397 1528 483 1587 qnam
501 1518 682 1570 maturrume
703 1508 807 1568 merita
829 1511 966 1570 invenias.

191 1591 256 1668 Vos·
274 1599 385 1662 antem,
407 1599 506 1672 patres
528 1592 699 1668 conscripti,
728 1609 899 1670 quousque
921 1595 1133 1654 cunctandum

107 1675 333 1751 rempublicam
354 1677 477 1736 intutam
496 1676 644 1753 patiemini
672 1682 701 1733 et
721 1666 825 1735 'verbis
854 1695 934 1736 arma
962 1684 1085 1756 tempta·

107 1758 193 1817 bitis?
232 1757 358 1818 Dilectus
385 1759 538 1818 advorsum
559 1776 610 1818 vos
630 1755 730 1827 habiti,
757 1761 897 1835 pecuniae
917 1759 1034 1838 publice
1057 1768 1085 1821 et

106 1841 241 1918 privatim
256 1847 394 1911 extortae,
419 1843 562 1919 praesidia
583 1841 706 1901 deducta
725 1847 812 1920 atque
826 1844 964 1920 inposita:
987 1864 1023 1904 ex
1040 1843 1084 1904 ln·

72 1939 98 1979 10
107 1922 205 1983 bidine
233 1923 313 2002 leges
328 1925 527 2003 imperantur,
549 1942 615 1983 cum
643 1923 760 1984 iuterim
780 1942 832 1984 vos
853 1924 964 2002 legatos
986 1933 1015 1986 et
1035 1927 1084 1986 de·

106 2013 186 2067 creta
208 2008 327 2084 paratis.
348 2011 461 2076 Quanto
480 2005 664 2067 mehercules
684 2007 794 2067 avidius
813 2025 915 2083 pacem
933 2010 1083 2085 petieritis

104 2097 185 2149 tanto
215 2089 324 2151 bellum
353 2094 448 2150 acrius
476 2092 543 2158 0111,
571 2108 638 2149 cum
659 2089 807 2166 intelleget
831 2109 862 2151 sc
890 2099 970 2153 metu
992 2093 1084 2169 magis

105 2191 193 2248 qnam
218 2191 311 2251 aequo
333 2181 361 2233 et
374 2174 453 2233 bono
473 2179 675 2233 sustentatum.
699 2173 773 2233 Nam
791 2174 840 2252 qui
856 2175 958 2236 turbas
977 2182 1006 2236 et
1018 2194 1082 2237 cae·
1103 2185 1134 2234 18

106 2255 173 2315 dem
188 2255 292 2315 civium
309 2255 403 2315 odisse
422 2259 461 2315 ait
481 2264 510 2316 et
532 2256 569 2315 ob
583 2256 612 2316 id
625 2264 736 2316 armato
754 2257 863 2335 Lepido
883 2277 935 2318 vos
955 2261 1083 2320 inermos

71 2340 220 2407 uretinet,
245 2356 320 2416 quae
344 2338 425 2397 victis
446 2337 596 2398 toleranda
615 2348 691 2407 sunt,
716 2358 750 2398 ca
773 2357 839 2399 cum
855 2339 953 2401 facere
967 2345 1083 2418 possitis

104 2423 254 2500 patiamini
272 2421 369 2499 potins
385 2430 494 2483 censet.
537 2420 579 2481 Ita
602 2420 642 2480 illi
664 2441 679 2482 a
700 2421 781 2482 robis
803 2440 922 2500 pacem,
945 2424 1027 2484 vobis
1046 2426 1082 2486 ab

104 2503 153 2562 illo
176 2504 285 2565 bellum
307 2505 418 2565 suadet.
441 2505 520 2566 Haec
541 2507 566 2564 si
586 2503 710 2581 placent,
733 2507 756 2566 si
778 2512 857 2566 tanta
876 2507 1000 2585 torpedo
1023 2511 1134 2571 ani-19

104 2604 168 2646 mos
191 2586 333 2667 obrepsit,
357 2595 390 2648 ut
412 2589 492 2650 obliti
513 2588 658 2649 scelerum
679 2589 795 2659 Cinnae,
818 2592 900 2650 cuius
925 2593 956 2650 in
978 2591 1084 2652 urbem

103 2672 200 2731 reditu
221 2672 310 2732 decus
332 2671 442 2732 ordinis
462 2673 549 2733 huius
564 2672 686 2740 interiit,
709 2672 799 2732 nihilo
817 2675 913 2734 minus
931 2692 982 2733 vos
997 2681 1083 2753 atque

68 2755 244 2830 noconingcs
263 2762 292 2815 01
307 2754 416 2814 liberos
437 2755 547 2833 Lepido
567 2756 738 2832 permissuri
760 2757 834 2822 sitis,
857 2758 927 2835 quid
942 2775 1016 2836 opus
1033 2758 1083 2818 de·

105 2837 209 2897 cretisi
243 2838 310 2915 quid
332 2837 437 2899 auxilio
461 2838 571 2899 Catuli?
594 2836 669 2907 Quin
692 2841 716 2899 is
739 2847 767 2899 et
786 2837 834 2898 alii
855 2839 925 2901 boni
944 2860 1007 2901 rem
1028 2860 1083 2922 pu·
1101 2858 1134 2906 20

102 2919 208 2980 blicam
230 2921 337 2982 lrnstra
360 2930 472 2983 curant.
500 2922 597 2999 Agite,
626 2929 659 2982 111
674 2921 769 2983 lubet!
793 2930 895 3001 parate
922 2924 1081 2986 101110110-

23 3052 25 3061 .
102 3003 182 3077 thegi
203 3011 289 3079 atque
311 3006 364 3064 alia
386 3008 571 3083 proditorum
592 3007 761 3083 patrocinia,
784 3008 835 3083 qui
854 3009 971 3084 rapinas
993 3011 1082 3068 01111-

103 3085 205 3144 cendia
226 3087 389 3148 instaurare
412 3091 533 3166 cupiunt
555 3094 583 3146 et
596 3104 699 3146 rursus
714 3087 871 3148 advorsum
883 3091 953 3150 deos
968 3093 1082 3167 penatis

67 3186 205 3231 sumanus
233 3186 357 3230 armare.
401 3172 452 3232 Sin
472 3171 591 3231 libertas
613 3176 642 3229 et
662 3187 730 3229 vera
757 3173 850 3249 magis
872 3173 1001 3251 placent,
1032 3176 1082 3235 de·

102 3252 211 3311 cernite
235 3251 322 3328 digna
346 3256 464 3316 nomine
498 3261 527 3314 et
554 3259 658 3328 augete
680 3254 832 3331 ingenium
853 3259 923 3317 riris
948 3257 1080 3319 fortibus.

101 3332 190 3392 Adest
209 3352 300 3395 novos
323 3339 481 3407 exercitus,
505 3338 541 3397 ad
564 3334 621 3395 hoc
641 3334 772 3398 coloniae
798 3346 929 3401 veterum
949 3341 1081 3412 militum,
1100 3355 1134 3404 at

99 3414 236 3476 nobilitas
258 3421 365 3485 omnis.
405 3432 494 3481 disces
525 3420 652 3497 optumi:
686 3419 802 3481 fortuna
825 3423 962 3490 meliores
988 3429 1082 3502 000111-

147 3512 282 3567 Succusa.
917 3510 948 3564 Q
